2940 4860
377 410 569 458 rconnurn
596 409 873 459 wrcoumeusrs,
1041 395 1106 460 207

154 567 382 650 imponentes
408 589 553 652 eamque
585 570 718 635 citatim
746 569 1027 648 conscendentes,
1061 572 1122 638 ad.

158 667 421 734 Flandrensium
450 671 608 735 comitem
642 669 861 736 Baldwinum
890 691 1029 735 cursum
1053 672 1105 736 di·

154 777 330 834 rexerunt.
383 771 494 836 Porro
521 770 701 835 Haroldus
729 778 765 836 et
799 770 1009 849 Lcofwinus,
1045 773 1107 837 filii

156 868 245 952 ejus,
259 870 525 953 Brycgstowam
539 871 718 944 adeuntes
731 891 867 948 navem,
879 891 984 953 quam
999 872 1108 937 frater

154 967 292 1033 illorum
323 970 461 1034 Suanus
495 971 561 1035 sibi
589 978 792 1054 paraverat,
820 972 1106 1049 conscenderunt,

156 1075 191 1132 et
208 1069 243 1132 in
262 1068 468 1135 Hiberniam
484 1073 676 1136 transvecti
688 1078 781 1135 sunt.
835 1071 1007 1154 Reginam
1023 1093 1105 1138 vero
1116 1093 1256 1135 duanae-

157 1168 342 1250 Edgitham
378 1191 452 1247 rex,
490 1179 631 1254 propter
667 1172 754 1236 iram
796 1191 901 1252 quam
938 1143 1234 1237 adversush'itieiii‘

156 1276 290 1351 patrem
304 1290 405 1335 suum
423 1271 633 1337 Godwinum
648 1271 829 1348 habuerat,
847 1273 1054 1354 repudiavit,
1071 1243 1229 1343 etppgpeu

156 1389 235 1433 cum
251 1391 321 1437 una
342 1371 550 1454 pedissequa
566 1373 611 1436 ad
635 1371 925 1437 Hwereweallam
940 1393 1016 1437 eam
1031 1375 1106 1438 sine

156 1469 286 1536 honore
313 1472 419 1548 misit,
440 1479 475 1536 et
501 1471 698 1537 abbatissae¹
725 1472 986 1536 custodiendam
1013 1492 1105 1537 com-

156 1571 342 1637 mendavit.
395 1572 463 1636 His
479 1573 585 1653 gestis
605 1572 1000 1637 Nortmannicuscomes
1014 1572 1104 1637 Wil-
1116 1589 1234 1651 ernvuu

156 1670 280 1736 lelmus
297 1692 375 1736 cum
391 1671 611 1736 multitudine
626 1672 922 1737 Nortmannorum
939 1671 1105 1755 Angliam
1115 1641 1267 1731 ididem.

159 1772 264 1849 venit,
290 1792 391 1855 quem
419 1791 483 1836 rex
507 1772 722 1837 Eadwardus
746 1780 782 1838 et
805 1773 917 1837 socios
942 1772 1019 1856 ejus
1043 1742 1200 1839 hom*

158 1871 295 1937 norifice
318 1873 482 1955 suscepit,
508 1880 544 1937 et
568 1874 702 1955 magnis
728 1873 913 1955 multisque
938 1873 1103 1938 donatum

157 1961 354 2037 muneribus
386 1973 430 2036 ad
462 1972 730 2037 Nortmanniam
755 1970 913 2037 remisit.2
973 1972 1103 2037 Eodem
1115 1990 1209 2031 widun

157 2091 248 2136 anno
268 2072 466 2137 Willelmus
489 2073 580 2154 regis
603 2073 803 2156 capellanus
827 2072 1104 2139 Lundoniensem
1115 2042 1260 2132 ῗέῗὲηῗὲῗῗρ

158 2172 410 2255 episcopatum,
426 2173 486 2253 qui
504 2172 758 2254 Spearheafoco
781 2174 878 2255 prius
901 2172 1004 2237 datus
1030 2173 1104 2238 fue·

158 2278 225 2348 rat,
241 2271 419 2355 suscepit.³

208 2371 391 2436 Marianus
420 2372 705 2457 chronographus
752 2372 905 2437 seculum
950 2371 1101 2454 reliquit.
1127 2390 1256 2430 annea.
1356 2429 1359 2432 ,

158 2471 312 2553 AElfgiva
353 2473 475 2551 Immo,
513 2473 641 2557 conjux
684 2493 805 2554 regum
842 2472 1020 2555 AEgelredi
1068 2455 1219 2556 etffiss,lor

158 2570 297 2651 Canuti,
329 2589 368 2637 11.
398 2593 508 2637 nonas
539 2574 660 2639 Martii
695 2573 733 2657 [6
762 2573 886 2656 Mar.],
916 2557 1134 2638 WintonieeE

157 2673 253 2748 obiit,
277 2680 312 2738 et
332 2674 381 2737 ihi
403 2673 540 2757 sepulta
562 2672 641 2738 est.⁴
691 2673 824 2739 Eodem
846 2693 937 2737 anno
959 2672 1102 2736 Walen-
1116 2686 1253 2736 orientius

1077 2773 1084 2787 ,
1115 2738 1216 2779 orwnes

156 2773 245 2836 sium
261 2794 323 2837 rex
340 2771 506 2838 Griffinus
515 2794 678 2857 magnam
693 2781 827 2858 partem
837 2773 1103 2838 Herelordensrs
1115 2789 1237 2878 anement

1139 2838 1231 2879 ereford-

156 2874 344 2954 provinciae
380 2873 610 2957 depopulatus
626 2883 698 2954 est3
731 2882 853 2939 contra
883 2893 985 2958 quem
1023 2893 1103 2955 pro·
1116 2889 1181 2930 une·

158 2973 323 3038 vinciales
349 2973 411 3050 illi,
437 2981 473 3038 et
499 2974 542 3037 de
569 2973 713 3038 castello
744 2975 966 3057 quamplures
994 2972 1105 3037 Nort-

156 3073 274 3136 manni
299 3073 548 3152 ascenderunt3
575 3073 635 3136 sed
660 3073 777 3138 multis
802 3093 847 3137 ex
872 3073 942 3137 illis
968 3073 1105 3150 occisis,

155 3172 213 3236 ille
227 3174 408 3238 victoriam
424 3172 557 3248 habuit,
573 3180 609 3237 et
624 3192 741 3237 secum
762 3172 915 3254 praedam
941 3190 1106 3253 magnam

156 3274 315 3340 abduxit.
367 3273 457 3338 Haec
475 3292 593 3356 pugna
615 3273 710 3337 facta
729 3280 783 3336 est
807 3272 927 3336 eodem
945 3272 1013 3348 die,
1035 3291 1106 3353 quo

157 3381 236 3438 ante
262 3390 345 3437 xur.
371 3393 493 3451 annos,
510 3373 651 3437 fratrem
677 3371 814 3438 comitis
843 3371 991 3436 Leofrici
1012 3370 1106 3435 Ead-

157 3474 284 3537 winum
324 3474 507 3539 Walenses
549 3493 611 3556 per
649 3473 794 3557 insidias
838 3469 1107 3536 interfecerunt.8

190 3628 198 3659 ¹
212 3631 370 3697 Aebutium]
387 3634 438 3683 She
448 3648 503 3683 was
516 3648 532 3682 a
543 3634 618 3683 sister
643 3634 768 3684 successit
781 3626 911 3682 ⁴Ordricus
932 3633 1048 3695 ejusdem
1065 3647 1108 3682 ec·

153 3703 183 3752 of
190 3701 233 3751 the
244 3702 314 3765 king.
643 3704 729 3753 clesiae
740 3702 887 3752 monachus.
923 3704 1017 3753 Lmdd,
1053 3702 1107 3751 The

189 3772 277 3824 'Sam
289 3773 382 3824 Chron.
393 3775 479 3824 where
495 3778 546 3823 two
561 3788 617 3823 nar·
644 3774 777 3823 Chronicle
796 3769 834 3840 (a.
855 3770 931 3840 1⁰51)
952 3778 1030 3822 states
1052 3772 1108 3822 that

153 3843 247 3912 retires
262 3843 290 3891 of
302 3843 343 3893 the
361 3845 416 3906 frey
427 3845 490 3893 with
506 3844 616 3894 Eustace
644 3842 796 3906 Spearhafcc
811 3856 866 3891 was
882 3842 1004 3904 deprived
1021 3842 1050 3890 of
1067 3841 1108 3890 his

153 3912 204 3962 end
220 3914 254 3961 its
270 3928 454 3975 consequences
472 3928 516 3962 are
533 3914 617 3976 given,
643 3912 781 3976 bishopric,
810 3912 861 3960 and
891 3926 967 3961 never
989 3911 1107 3960 received

153 3983 236 4033 under
245 3983 288 4033 the
298 3998 373 4045 years
384 3988 448 4033 1043
458 3984 508 4033 and
522 3988 593 4033 1052.
643 3984 824 4044 consecraticn,
832 3980 927 4044 which,
935 3982 969 4043 by
976 3982 1108 4031 command

189 4051 278 4103 ³Sax.
297 4053 390 4105 chron.
410 4070 434 4105 a.
454 4058 528 4103 1052.
564 4054 616 4102 Ro·
644 4054 673 4103 cf
689 4053 731 4101 the
751 4067 827 4115 pope,
844 4050 996 4116 archbishop
1013 4053 1109 4101 Robert

155 4123 242 4171 dulfus
262 4124 397 4185 episcopus
416 4130 442 4174 et
464 4125 544 4173 abbas
562 4123 616 4172 Ab·
644 4122 746 4172 refused
757 4127 783 4171 to
794 4121 912 4183 perform.

154 4193 332 4242 bendoniensis
351 4195 466 4251 ecclesiae
486 4195 558 4256 obiit,
574 4194 617 4243 cui
679 4194 688 4224 ⁴
706 4192 766 4243 Sex.
779 4192 872 4243 chron.
