<?xml version="1.0" encoding="UTF-8"?>
<!DOCTYPE html PUBLIC "-//W3C//DTD XHTML 1.0 Transitional//EN"
    "http://www.w3.org/TR/xhtml1/DTD/xhtml1-transitional.dtd">
<html xmlns="http://www.w3.org/1999/xhtml" xml:lang="en" lang="en">
 <head>
  <title>
</title>
<meta http-equiv="Content-Type" content="text/html;charset=utf-8" />
  <meta name='ocr-system' content='tesseract 3.04.00' />
  <meta name='ocr-capabilities' content='ocr_page ocr_carea ocr_par ocr_line ocrx_word'/>
</head>
<body>
  <div class='ocr_page' id='page_1' title='image "./florentiiwigorn03florgoog_0220.png"; bbox 0 0 2940 4860; ppageno 0'>
   <div class='ocr_carea' id='block_1_1' title="bbox 362 387 1089 451">
    <p class='ocr_par' dir='ltr' id='par_1_1' title="bbox 362 387 1089 451">
     <span class='ocr_line' id='line_1_1' title="bbox 362 387 1089 451; baseline 0.004 -3"><span class='ocrx_word' id='word_1_1' title='bbox 362 401 551 449; x_wconf 82' lang='lat' dir='ltr'>rnonsuru</span> <span class='ocrx_word' id='word_1_2' title='bbox 578 401 857 451; x_wconf 81' lang='lat' dir='ltr'>wrconrunusrs.</span> <span class='ocrx_word' id='word_1_3' title='bbox 1024 387 1089 451; x_wconf 77' lang='lat'>209</span> 
     </span>
    </p>
   </div>
   <div class='ocr_carea' id='block_1_2' title="bbox 132 562 1199 1531">
    <p class='ocr_par' dir='ltr' id='par_1_2' title="bbox 132 562 1199 1531">
     <span class='ocr_line' id='line_1_2' title="bbox 132 562 1087 648; baseline 0.003 -23"><span class='ocrx_word' id='word_1_4' title='bbox 132 562 297 639; x_wconf 91' lang='lat' dir='ltr'>locorum,</span> <span class='ocrx_word' id='word_1_5' title='bbox 316 580 433 626; x_wconf 92' lang='lat' dir='ltr'>omnes</span> <span class='ocrx_word' id='word_1_6' title='bbox 452 580 540 642; x_wconf 92' lang='lat' dir='ltr'>quos</span> <span class='ocrx_word' id='word_1_7' title='bbox 558 568 719 643; x_wconf 83' lang='lat' dir='ltr'>poterant</span> <span class='ocrx_word' id='word_1_8' title='bbox 736 562 801 626; x_wconf 86' lang='lat' dir='ltr'>sibi</span> <span class='ocrx_word' id='word_1_9' title='bbox 826 563 861 627; x_wconf 93' lang='lat' dir='ltr'>in</span> <span class='ocrx_word' id='word_1_10' title='bbox 875 563 1087 648; x_wconf 90' lang='lat' dir='ltr'>adjutorium</span> 
     </span>
     <span class='ocr_line' id='line_1_3' title="bbox 133 661 1088 744; baseline 0.002 -19"><span class='ocrx_word' id='word_1_11' title='bbox 133 661 335 739; x_wconf 84' lang='lat' dir='ltr'>allicientes,</span> <span class='ocrx_word' id='word_1_12' title='bbox 351 669 386 726; x_wconf 91' lang='lat' dir='ltr'>et</span> <span class='ocrx_word' id='word_1_13' title='bbox 409 661 625 726; x_wconf 88' lang='lat' dir='ltr'>butsecerlas</span> <span class='ocrx_word' id='word_1_14' title='bbox 643 681 761 726; x_wconf 90' lang='lat' dir='ltr'>omnes</span> <span class='ocrx_word' id='word_1_15' title='bbox 784 682 872 744; x_wconf 92' lang='lat' dir='ltr'>quos</span> <span class='ocrx_word' id='word_1_16' title='bbox 895 663 1018 729; x_wconf 88' lang='lat' dir='ltr'>obvios</span> <span class='ocrx_word' id='word_1_17' title='bbox 1035 665 1088 729; x_wconf 90' lang='lat' dir='ltr'>in-</span> 
     </span>
     <span class='ocr_line' id='line_1_4' title="bbox 134 761 1085 847; baseline 0.001 -19"><span class='ocrx_word' id='word_1_18' title='bbox 134 769 300 828; x_wconf 85' lang='lat' dir='ltr'>venerant</span> <span class='ocrx_word' id='word_1_19' title='bbox 319 780 436 826; x_wconf 90' lang='lat' dir='ltr'>secum</span> <span class='ocrx_word' id='word_1_20' title='bbox 457 761 625 843; x_wconf 89' lang='lat' dir='ltr'>legentes,</span> <span class='ocrx_word' id='word_1_21' title='bbox 642 782 764 827; x_wconf 90' lang='lat' dir='ltr'>versus</span> <span class='ocrx_word' id='word_1_22' title='bbox 791 762 976 828; x_wconf 88' lang='lat' dir='ltr'>Sandicnm</span> <span class='ocrx_word' id='word_1_23' title='bbox 1005 785 1085 847; x_wconf 93' lang='lat' dir='ltr'>por-</span> 
     </span>
     <span class='ocr_line' id='line_1_5' title="bbox 133 862 1084 942; baseline 0.006 -17"><span class='ocrx_word' id='word_1_24' title='bbox 133 870 206 926; x_wconf 91' lang='lat' dir='ltr'>tum</span> <span class='ocrx_word' id='word_1_25' title='bbox 237 882 375 926; x_wconf 88' lang='lat' dir='ltr'>cursum</span> <span class='ocrx_word' id='word_1_26' title='bbox 406 862 616 929; x_wconf 83' lang='lat' dir='ltr'>direxerunt.</span> <span class='ocrx_word' id='word_1_27' title='bbox 680 862 760 941; x_wconf 87' lang='lat' dir='ltr'>Quo</span> <span class='ocrx_word' id='word_1_28' title='bbox 789 882 868 927; x_wconf 91' lang='lat' dir='ltr'>cum</span> <span class='ocrx_word' id='word_1_29' title='bbox 896 864 1084 942; x_wconf 91' lang='lat' dir='ltr'>venissent,</span> 
     </span>
     <span class='ocr_line' id='line_1_6' title="bbox 134 961 1084 1045; baseline 0.005 -21"><span class='ocrx_word' id='word_1_30' title='bbox 134 963 207 1045; x_wconf 83' lang='lat' dir='ltr'>regi</span> <span class='ocrx_word' id='word_1_31' title='bbox 232 963 437 1038; x_wconf 87' lang='lat' dir='ltr'>Eadwardo,</span> <span class='ocrx_word' id='word_1_32' title='bbox 453 968 535 1026; x_wconf 91' lang='lat' dir='ltr'>tunc</span> <span class='ocrx_word' id='word_1_33' title='bbox 559 963 724 1044; x_wconf 90' lang='lat' dir='ltr'>temporis</span> <span class='ocrx_word' id='word_1_34' title='bbox 752 961 944 1028; x_wconf 80' lang='lat' dir='ltr'>Lundoniae</span> <span class='ocrx_word' id='word_1_35' title='bbox 969 965 1084 1029; x_wconf 91' lang='lat' dir='ltr'>demo·</span> 
     </span>
     <span class='ocr_line' id='line_1_7' title="bbox 135 1062 1084 1147; baseline 0.003 -21"><span class='ocrx_word' id='word_1_36' title='bbox 135 1063 237 1140; x_wconf 88' lang='lat' dir='ltr'>ranti,</span> <span class='ocrx_word' id='word_1_37' title='bbox 263 1063 400 1128; x_wconf 92' lang='lat' dir='ltr'>illorum</span> <span class='ocrx_word' id='word_1_38' title='bbox 428 1062 597 1127; x_wconf 87' lang='lat' dir='ltr'>adventus</span> <span class='ocrx_word' id='word_1_39' title='bbox 629 1064 834 1143; x_wconf 61' lang='lat' dir='ltr'>nunciatum</span> <span class='ocrx_word' id='word_1_40' title='bbox 863 1065 922 1147; x_wconf 92' lang='lat' dir='ltr'>qui</span> <span class='ocrx_word' id='word_1_41' title='bbox 953 1065 1084 1129; x_wconf 90' lang='lat' dir='ltr'>nuntiis</span> 
     </span>
     <span class='ocr_line' id='line_1_8' title="bbox 135 1164 1085 1246; baseline 0.004 -21"><span class='ocrx_word' id='word_1_42' title='bbox 135 1183 280 1246; x_wconf 87' lang='lat' dir='ltr'>propere</span> <span class='ocrx_word' id='word_1_43' title='bbox 298 1164 423 1241; x_wconf 84' lang='lat' dir='ltr'>missis,</span> <span class='ocrx_word' id='word_1_44' title='bbox 441 1164 599 1228; x_wconf 91' lang='lat' dir='ltr'>omnibus</span> <span class='ocrx_word' id='word_1_45' title='bbox 621 1164 681 1245; x_wconf 93' lang='lat' dir='ltr'>qui</span> <span class='ocrx_word' id='word_1_46' title='bbox 699 1183 720 1227; x_wconf 93' lang='lat' dir='ltr'>a</span> <span class='ocrx_word' id='word_1_47' title='bbox 737 1183 775 1228; x_wconf 92' lang='lat' dir='ltr'>se</span> <span class='ocrx_word' id='word_1_48' title='bbox 797 1184 866 1228; x_wconf 95' lang='lat' dir='ltr'>non</span> <span class='ocrx_word' id='word_1_49' title='bbox 889 1165 1085 1230; x_wconf 79' lang='lat' dir='ltr'>defecerant</span> 
     </span>
     <span class='ocr_line' id='line_1_9' title="bbox 135 1262 1084 1348; baseline 0.003 -22"><span class='ocrx_word' id='word_1_50' title='bbox 135 1262 323 1340; x_wconf 91' lang='lat' dir='ltr'>mandavit,</span> <span class='ocrx_word' id='word_1_51' title='bbox 350 1270 389 1327; x_wconf 92' lang='lat' dir='ltr'>ut</span> <span class='ocrx_word' id='word_1_52' title='bbox 415 1265 450 1327; x_wconf 94' lang='lat' dir='ltr'>in</span> <span class='ocrx_word' id='word_1_53' title='bbox 478 1263 687 1348; x_wconf 89' lang='lat' dir='ltr'>adjutorium</span> <span class='ocrx_word' id='word_1_54' title='bbox 710 1265 764 1329; x_wconf 92' lang='lat' dir='ltr'>sui</span> <span class='ocrx_word' id='word_1_55' title='bbox 790 1267 908 1329; x_wconf 88' lang='lat' dir='ltr'>venire</span> <span class='ocrx_word' id='word_1_56' title='bbox 931 1272 1084 1329; x_wconf 88' lang='lat' dir='ltr'>matura-</span> 
     </span>
     <span class='ocr_line' id='line_1_10' title="bbox 135 1361 1085 1449; baseline 0.002 -23"><span class='ocrx_word' id='word_1_57' title='bbox 135 1370 222 1430; x_wconf 88' lang='lat' dir='ltr'>rent.</span> <span class='ocrx_word' id='word_1_58' title='bbox 283 1361 333 1429; x_wconf 87' lang='lat' dir='ltr'>At</span> <span class='ocrx_word' id='word_1_59' title='bbox 359 1363 411 1427; x_wconf 93' lang='lat' dir='ltr'>illi</span> <span class='ocrx_word' id='word_1_60' title='bbox 438 1363 539 1428; x_wconf 92' lang='lat' dir='ltr'>nimis</span> <span class='ocrx_word' id='word_1_61' title='bbox 569 1364 758 1442; x_wconf 69' lang='lat' dir='ltr'>tardantes</span> <span class='ocrx_word' id='word_1_62' title='bbox 782 1364 827 1429; x_wconf 90' lang='lat' dir='ltr'>ad</span> <span class='ocrx_word' id='word_1_63' title='bbox 857 1374 992 1449; x_wconf 88' lang='lat' dir='ltr'>tempus</span> <span class='ocrx_word' id='word_1_64' title='bbox 1015 1386 1085 1430; x_wconf 91' lang='lat' dir='ltr'>uon</span> 
     </span>
     <span class='ocr_line' id='line_1_11' title="bbox 136 1464 1199 1531; baseline 0.002 -3"><span class='ocrx_word' id='word_1_65' title='bbox 136 1472 312 1528; x_wconf 87' lang='lat' dir='ltr'>venerunt.</span> <span class='ocrx_word' id='word_1_66' title='bbox 366 1464 505 1528; x_wconf 87' lang='lat' dir='ltr'>Interea</span> <span class='ocrx_word' id='word_1_67' title='bbox 536 1483 615 1528; x_wconf 91' lang='lat' dir='ltr'>curn</span> <span class='ocrx_word' id='word_1_68' title='bbox 648 1484 712 1529; x_wconf 92' lang='lat' dir='ltr'>sua</span> <span class='ocrx_word' id='word_1_69' title='bbox 747 1465 859 1531; x_wconf 87' lang='lat' dir='ltr'>classe</span> <span class='ocrx_word' id='word_1_70' title='bbox 893 1465 1199 1531; x_wconf 70' lang='lat' dir='ltr'>Godwinuseonrne</span> 
     </span>
    </p>
   </div>
   <div class='ocr_carea' id='block_1_3' title="bbox 1095 1531 1234 1580">
    <p class='ocr_par' dir='ltr' id='par_1_3' title="bbox 1095 1531 1234 1580">
     <span class='ocr_line' id='line_1_12' title="bbox 1095 1531 1234 1580; baseline 0 -10"><span class='ocrx_word' id='word_1_71' title='bbox 1095 1531 1196 1580; x_wconf 73' lang='lat' dir='ltr'>proceeds</span> <span class='ocrx_word' id='word_1_72' title='bbox 1205 1542 1234 1580; x_wconf 92' lang='lat' dir='ltr'>up</span> 
     </span>
    </p>
   </div>
   <div class='ocr_carea' id='block_1_4' title="bbox 97 1542 1236 4058">
    <p class='ocr_par' dir='ltr' id='par_1_4' title="bbox 97 1542 1236 4058">
     <span class='ocr_line' id='line_1_13' title="bbox 135 1542 1236 1672; baseline 0.003 -44"><span class='ocrx_word' id='word_1_73' title='bbox 135 1584 249 1628; x_wconf 90' lang='lat' dir='ltr'>comes</span> <span class='ocrx_word' id='word_1_74' title='bbox 279 1564 445 1629; x_wconf 88' lang='lat' dir='ltr'>adversus</span> <span class='ocrx_word' id='word_1_75' title='bbox 468 1583 606 1628; x_wconf 90' lang='lat' dir='ltr'>cursum</span> <span class='ocrx_word' id='word_1_76' title='bbox 629 1564 810 1630; x_wconf 85' lang='lat' dir='ltr'>Tamensis</span> <span class='ocrx_word' id='word_1_77' title='bbox 831 1567 1007 1643; x_wconf 86' lang='lat' dir='ltr'>devectus,</span> <span class='ocrx_word' id='word_1_78' title='bbox 1030 1542 1109 1631; x_wconf 86' lang='lat' dir='ltr'>dre</span> <span class='ocrx_word' id='word_1_79' title='bbox 1096 1581 1236 1672; x_wconf 43' lang='lat' dir='ltr'>ruthque·</span> 
     </span>
     <span class='ocr_line' id='line_1_14' title="bbox 137 1633 1204 1752; baseline 0.004 -24"><span class='ocrx_word' id='word_1_80' title='bbox 137 1664 372 1730; x_wconf 88' lang='lat' dir='ltr'>Exaltationis</span> <span class='ocrx_word' id='word_1_81' title='bbox 405 1665 544 1730; x_wconf 87' lang='lat' dir='ltr'>Sanctae</span> <span class='ocrx_word' id='word_1_82' title='bbox 587 1664 708 1731; x_wconf 84' lang='lat' dir='ltr'>Crucis</span> <span class='ocrx_word' id='word_1_83' title='bbox 750 1663 810 1750; x_wconf 89' lang='grc'>[14</span> <span class='ocrx_word' id='word_1_84' title='bbox 840 1666 935 1750; x_wconf 88' lang='lat' dir='ltr'>Sept</span> <span class='ocrx_word' id='word_1_85' title='bbox 938 1665 966 1752; x_wconf 91' lang='lat'>],</span> <span class='ocrx_word' id='word_1_86' title='bbox 1000 1633 1204 1732; x_wconf 59' lang='lat' dir='ltr'>feriaii&#39;aim</span> 
     </span>
     <span class='ocr_line' id='line_1_15' title="bbox 136 1764 1087 1844; baseline 0.003 -16"><span class='ocrx_word' id='word_1_87' title='bbox 136 1765 300 1842; x_wconf 90' lang='lat' dir='ltr'>secunda,</span> <span class='ocrx_word' id='word_1_88' title='bbox 316 1766 360 1829; x_wconf 91' lang='lat' dir='ltr'>ad</span> <span class='ocrx_word' id='word_1_89' title='bbox 382 1764 605 1831; x_wconf 86' lang='lat' dir='ltr'>Suthweorce</span> <span class='ocrx_word' id='word_1_90' title='bbox 619 1767 726 1844; x_wconf 90' lang='lat' dir='ltr'>venit,</span> <span class='ocrx_word' id='word_1_91' title='bbox 742 1775 777 1831; x_wconf 91' lang='lat' dir='ltr'>et</span> <span class='ocrx_word' id='word_1_92' title='bbox 799 1767 846 1831; x_wconf 94' lang='lat' dir='ltr'>ibi</span> <span class='ocrx_word' id='word_1_93' title='bbox 870 1768 1001 1832; x_wconf 89' lang='lat' dir='ltr'>tamdiu</span> <span class='ocrx_word' id='word_1_94' title='bbox 1024 1788 1087 1832; x_wconf 89' lang='lat' dir='ltr'>ex-</span> 
     </span>
     <span class='ocr_line' id='line_1_16' title="bbox 97 1865 1084 1948; baseline 0.001 -18"><span class='ocrx_word' id='word_1_95' title='bbox 97 1868 101 1874; x_wconf 82' lang='grc'><strong>’</strong></span> <span class='ocrx_word' id='word_1_96' title='bbox 136 1865 289 1947; x_wconf 88' lang='lat' dir='ltr'>pectavit</span> <span class='ocrx_word' id='word_1_97' title='bbox 306 1866 420 1948; x_wconf 92' lang='lat' dir='ltr'>quoad</span> <span class='ocrx_word' id='word_1_98' title='bbox 445 1867 550 1930; x_wconf 89' lang='lat' dir='ltr'>maris</span> <span class='ocrx_word' id='word_1_99' title='bbox 567 1885 727 1931; x_wconf 91' lang='lat' dir='ltr'>accessus</span> <span class='ocrx_word' id='word_1_100' title='bbox 743 1867 888 1932; x_wconf 87' lang='lat' dir='ltr'>veniret.</span> <span class='ocrx_word' id='word_1_101' title='bbox 941 1867 1084 1932; x_wconf 88' lang='lat' dir='ltr'>Interim</span> 
     </span>
     <span class='ocr_line' id='line_1_17' title="bbox 136 1967 1085 2050; baseline 0.003 -21"><span class='ocrx_word' id='word_1_102' title='bbox 136 1967 305 2048; x_wconf 84' lang='lat' dir='ltr'>quosdam</span> <span class='ocrx_word' id='word_1_103' title='bbox 326 1987 388 2049; x_wconf 89' lang='lat' dir='ltr'>per</span> <span class='ocrx_word' id='word_1_104' title='bbox 402 1967 644 2044; x_wconf 87' lang='lat' dir='ltr'>internuntios,</span> <span class='ocrx_word' id='word_1_105' title='bbox 660 1967 827 2050; x_wconf 92' lang='lat' dir='ltr'>quosdam</span> <span class='ocrx_word' id='word_1_106' title='bbox 849 1987 910 2049; x_wconf 91' lang='lat' dir='ltr'>per</span> <span class='ocrx_word' id='word_1_107' title='bbox 933 1987 970 2031; x_wconf 89' lang='lat' dir='ltr'>se</span> <span class='ocrx_word' id='word_1_108' title='bbox 992 1969 1085 2032; x_wconf 89' lang='lat' dir='ltr'>cives</span> 
     </span>
     <span class='ocr_line' id='line_1_18' title="bbox 137 2067 1085 2151; baseline 0.001 -20"><span class='ocrx_word' id='word_1_109' title='bbox 137 2067 409 2144; x_wconf 68' lang='lat' dir='ltr'>lundonienses,</span> <span class='ocrx_word' id='word_1_110' title='bbox 425 2086 512 2150; x_wconf 90' lang='lat' dir='ltr'>quos</span> <span class='ocrx_word' id='word_1_111' title='bbox 526 2067 632 2132; x_wconf 86' lang='lat' dir='ltr'>variis</span> <span class='ocrx_word' id='word_1_112' title='bbox 658 2067 966 2150; x_wconf 90' lang='lat' dir='ltr'>pollicitationibus</span> <span class='ocrx_word' id='word_1_113' title='bbox 988 2069 1085 2151; x_wconf 92' lang='lat' dir='ltr'>prins</span> 
     </span>
     <span class='ocr_line' id='line_1_19' title="bbox 137 2167 1087 2251; baseline 0.002 -20"><span class='ocrx_word' id='word_1_114' title='bbox 137 2167 311 2245; x_wconf 88' lang='lat' dir='ltr'>illexerat,</span> <span class='ocrx_word' id='word_1_115' title='bbox 329 2168 501 2245; x_wconf 87' lang='lat' dir='ltr'>convenit,</span> <span class='ocrx_word' id='word_1_116' title='bbox 517 2177 553 2233; x_wconf 91' lang='lat' dir='ltr'>et</span> <span class='ocrx_word' id='word_1_117' title='bbox 570 2175 609 2232; x_wconf 90' lang='lat' dir='ltr'>ut</span> <span class='ocrx_word' id='word_1_118' title='bbox 630 2187 748 2232; x_wconf 89' lang='lat' dir='ltr'>omnes</span> <span class='ocrx_word' id='word_1_119' title='bbox 765 2168 836 2232; x_wconf 84' lang='lat' dir='ltr'>sere</span> <span class='ocrx_word' id='word_1_120' title='bbox 854 2187 931 2251; x_wconf 85' lang='lat' dir='ltr'>quae</span> <span class='ocrx_word' id='word_1_121' title='bbox 947 2168 1087 2234; x_wconf 89' lang='lat' dir='ltr'>volebat</span> 
     </span>
     <span class='ocr_line' id='line_1_20' title="bbox 137 2267 1086 2346; baseline 0.001 -14"><span class='ocrx_word' id='word_1_122' title='bbox 137 2269 276 2332; x_wconf 92' lang='lat' dir='ltr'>omnino</span> <span class='ocrx_word' id='word_1_123' title='bbox 308 2267 447 2346; x_wconf 87' lang='lat' dir='ltr'>vellent,</span> <span class='ocrx_word' id='word_1_124' title='bbox 485 2267 608 2335; x_wconf 86' lang='lat' dir='ltr'>effecit.</span> <span class='ocrx_word' id='word_1_125' title='bbox 666 2268 754 2333; x_wconf 91' lang='lat' dir='ltr'>Inde</span> <span class='ocrx_word' id='word_1_126' title='bbox 790 2270 892 2333; x_wconf 91' lang='lat' dir='ltr'>rebus</span> <span class='ocrx_word' id='word_1_127' title='bbox 929 2268 1086 2333; x_wconf 88' lang='lat' dir='ltr'>omnibus</span> 
     </span>
     <span class='ocr_line' id='line_1_21' title="bbox 139 2368 1087 2451; baseline 0.001 -20"><span class='ocrx_word' id='word_1_128' title='bbox 139 2368 314 2451; x_wconf 90' lang='lat' dir='ltr'>dispositis</span> <span class='ocrx_word' id='word_1_129' title='bbox 335 2376 370 2433; x_wconf 93' lang='lat' dir='ltr'>et</span> <span class='ocrx_word' id='word_1_130' title='bbox 390 2369 568 2446; x_wconf 88' lang='lat' dir='ltr'>ordinatis,</span> <span class='ocrx_word' id='word_1_131' title='bbox 587 2377 741 2434; x_wconf 85' lang='lat' dir='ltr'>reumate</span> <span class='ocrx_word' id='word_1_132' title='bbox 759 2368 974 2446; x_wconf 88' lang='lat' dir='ltr'>adveniente,</span> <span class='ocrx_word' id='word_1_133' title='bbox 991 2368 1087 2434; x_wconf 86' lang='lat' dir='ltr'>festi-</span> 
     </span>
     <span class='ocr_line' id='line_1_22' title="bbox 139 2468 1088 2553; baseline 0.003 -22"><span class='ocrx_word' id='word_1_134' title='bbox 139 2474 262 2532; x_wconf 88' lang='lat' dir='ltr'>nanter</span> <span class='ocrx_word' id='word_1_135' title='bbox 292 2468 460 2534; x_wconf 87' lang='lat' dir='ltr'>anchoras</span> <span class='ocrx_word' id='word_1_136' title='bbox 485 2470 712 2547; x_wconf 88' lang='lat' dir='ltr'>sustulerunt,</span> <span class='ocrx_word' id='word_1_137' title='bbox 734 2488 776 2535; x_wconf 89' lang='lat' dir='ltr'>ac</span> <span class='ocrx_word' id='word_1_138' title='bbox 803 2469 899 2534; x_wconf 91' lang='lat' dir='ltr'>nullo</span> <span class='ocrx_word' id='word_1_139' title='bbox 923 2469 959 2533; x_wconf 95' lang='lat' dir='ltr'>in</span> <span class='ocrx_word' id='word_1_140' title='bbox 981 2477 1088 2553; x_wconf 89' lang='lat' dir='ltr'>ponte</span> 
     </span>
     <span class='ocr_line' id='line_1_23' title="bbox 140 2569 1088 2653; baseline 0.003 -21"><span class='ocrx_word' id='word_1_141' title='bbox 140 2570 342 2647; x_wconf 90' lang='lat' dir='ltr'>obsistente,</span> <span class='ocrx_word' id='word_1_142' title='bbox 376 2590 440 2653; x_wconf 89' lang='lat' dir='ltr'>per</span> <span class='ocrx_word' id='word_1_143' title='bbox 470 2571 659 2635; x_wconf 89' lang='lat' dir='ltr'>australem</span> <span class='ocrx_word' id='word_1_144' title='bbox 691 2570 842 2635; x_wconf 86' lang='lat' dir='ltr'>fluminis</span> <span class='ocrx_word' id='word_1_145' title='bbox 880 2569 1088 2652; x_wconf 90' lang='lat' dir='ltr'>crepidinem</span> 
     </span>
     <span class='ocr_line' id='line_1_24' title="bbox 140 2669 1088 2753; baseline 0 -20"><span class='ocrx_word' id='word_1_146' title='bbox 140 2688 278 2734; x_wconf 89' lang='lat' dir='ltr'>sursum</span> <span class='ocrx_word' id='word_1_147' title='bbox 302 2669 565 2753; x_wconf 78' lang='lat' dir='ltr'>navigaverunt.</span> <span class='ocrx_word' id='word_1_148' title='bbox 618 2670 725 2735; x_wconf 90' lang='lat' dir='ltr'>Venit</span> <span class='ocrx_word' id='word_1_149' title='bbox 744 2678 779 2734; x_wconf 89' lang='lat' dir='ltr'>et</span> <span class='ocrx_word' id='word_1_150' title='bbox 801 2670 970 2753; x_wconf 88' lang='lat' dir='ltr'>pedestris</span> <span class='ocrx_word' id='word_1_151' title='bbox 990 2689 1088 2735; x_wconf 88' lang='lat' dir='ltr'>exer-</span> 
     </span>
     <span class='ocr_line' id='line_1_25' title="bbox 140 2770 1088 2854; baseline 0.001 -20"><span class='ocrx_word' id='word_1_152' title='bbox 140 2770 243 2847; x_wconf 88' lang='lat' dir='ltr'>citus,</span> <span class='ocrx_word' id='word_1_153' title='bbox 281 2790 323 2835; x_wconf 88' lang='lat' dir='ltr'>ac</span> <span class='ocrx_word' id='word_1_154' title='bbox 360 2789 398 2834; x_wconf 87' lang='lat' dir='ltr'>se</span> <span class='ocrx_word' id='word_1_155' title='bbox 432 2790 494 2854; x_wconf 91' lang='lat' dir='ltr'>per</span> <span class='ocrx_word' id='word_1_156' title='bbox 528 2789 623 2835; x_wconf 88' lang='lat' dir='ltr'>oram</span> <span class='ocrx_word' id='word_1_157' title='bbox 662 2770 760 2835; x_wconf 87' lang='lat' dir='ltr'>fluvii</span> <span class='ocrx_word' id='word_1_158' title='bbox 796 2770 981 2835; x_wconf 90' lang='lat' dir='ltr'>ordinatim</span> <span class='ocrx_word' id='word_1_159' title='bbox 1018 2771 1088 2836; x_wconf 85' lang='lat' dir='ltr'>dis-</span> 
     </span>
     <span class='ocr_line' id='line_1_26' title="bbox 141 2870 1088 2953; baseline 0.001 -19"><span class='ocrx_word' id='word_1_160' title='bbox 141 2890 284 2952; x_wconf 90' lang='lat' dir='ltr'>ponens,</span> <span class='ocrx_word' id='word_1_161' title='bbox 308 2871 455 2953; x_wconf 83' lang='lat' dir='ltr'>spissam</span> <span class='ocrx_word' id='word_1_162' title='bbox 486 2871 741 2953; x_wconf 88' lang='lat' dir='ltr'>terribilemque</span> <span class='ocrx_word' id='word_1_163' title='bbox 767 2870 849 2935; x_wconf 80' lang='lat' dir='ltr'>lecit</span> <span class='ocrx_word' id='word_1_164' title='bbox 871 2870 1088 2936; x_wconf 91' lang='lat' dir='ltr'>testudinem.</span> 
     </span>
     <span class='ocr_line' id='line_1_27' title="bbox 141 2971 1088 3054; baseline 0.002 -20"><span class='ocrx_word' id='word_1_165' title='bbox 141 2971 233 3035; x_wconf 91' lang='lat' dir='ltr'>Dein</span> <span class='ocrx_word' id='word_1_166' title='bbox 248 2972 369 3036; x_wconf 90' lang='lat' dir='ltr'>classis</span> <span class='ocrx_word' id='word_1_167' title='bbox 389 2991 427 3037; x_wconf 92' lang='lat' dir='ltr'>se</span> <span class='ocrx_word' id='word_1_168' title='bbox 449 2991 571 3036; x_wconf 87' lang='lat' dir='ltr'>versus</span> <span class='ocrx_word' id='word_1_169' title='bbox 592 2972 823 3053; x_wconf 91' lang='lat' dir='ltr'>aquilonalem</span> <span class='ocrx_word' id='word_1_170' title='bbox 841 2972 955 3054; x_wconf 91' lang='lat' dir='ltr'>ripam</span> <span class='ocrx_word' id='word_1_171' title='bbox 974 2972 1088 3049; x_wconf 88' lang='lat' dir='ltr'>vertit,</span> 
     </span>
     <span class='ocr_line' id='line_1_28' title="bbox 141 3071 1089 3153; baseline 0.002 -19"><span class='ocrx_word' id='word_1_172' title='bbox 141 3072 241 3153; x_wconf 91' lang='lat' dir='ltr'>quasi</span> <span class='ocrx_word' id='word_1_173' title='bbox 266 3072 358 3153; x_wconf 88' lang='lat' dir='ltr'>regis</span> <span class='ocrx_word' id='word_1_174' title='bbox 383 3072 529 3136; x_wconf 88' lang='lat' dir='ltr'>classem</span> <span class='ocrx_word' id='word_1_175' title='bbox 555 3071 756 3136; x_wconf 90' lang='lat' dir='ltr'>circundare</span> <span class='ocrx_word' id='word_1_176' title='bbox 780 3071 904 3137; x_wconf 87' lang='lat' dir='ltr'>vellet:</span> <span class='ocrx_word' id='word_1_177' title='bbox 939 3071 1089 3137; x_wconf 89' lang='lat' dir='ltr'>habebat</span> 
     </span>
     <span class='ocr_line' id='line_1_29' title="bbox 142 3172 1088 3255; baseline 0.001 -21"><span class='ocrx_word' id='word_1_178' title='bbox 142 3172 231 3235; x_wconf 91' lang='lat' dir='ltr'>enirn</span> <span class='ocrx_word' id='word_1_179' title='bbox 257 3179 292 3237; x_wconf 91' lang='lat' dir='ltr'>et</span> <span class='ocrx_word' id='word_1_180' title='bbox 315 3192 376 3236; x_wconf 85' lang='lat' dir='ltr'>rex</span> <span class='ocrx_word' id='word_1_181' title='bbox 399 3173 559 3250; x_wconf 88' lang='lat' dir='ltr'>classem,</span> <span class='ocrx_word' id='word_1_182' title='bbox 579 3191 621 3236; x_wconf 89' lang='lat' dir='ltr'>ac</span> <span class='ocrx_word' id='word_1_183' title='bbox 649 3190 869 3235; x_wconf 91' lang='lat' dir='ltr'>numerosum</span> <span class='ocrx_word' id='word_1_184' title='bbox 896 3172 1088 3255; x_wconf 90' lang='lat' dir='ltr'>pedestrem</span> 
     </span>
     <span class='ocr_line' id='line_1_30' title="bbox 142 3272 1089 3354; baseline -0.002 -18"><span class='ocrx_word' id='word_1_185' title='bbox 142 3272 344 3337; x_wconf 83' lang='lat' dir='ltr'>exercitum.</span> <span class='ocrx_word' id='word_1_186' title='bbox 397 3272 464 3336; x_wconf 91' lang='lat' dir='ltr'>Sed</span> <span class='ocrx_word' id='word_1_187' title='bbox 490 3272 574 3354; x_wconf 89' lang='lat' dir='ltr'>quia</span> <span class='ocrx_word' id='word_1_188' title='bbox 596 3272 656 3350; x_wconf 92' lang='lat' dir='ltr'>ibi,</span> <span class='ocrx_word' id='word_1_189' title='bbox 678 3279 714 3336; x_wconf 89' lang='lat' dir='ltr'>et</span> <span class='ocrx_word' id='word_1_190' title='bbox 740 3290 817 3334; x_wconf 90' lang='lat' dir='ltr'>cnm</span> <span class='ocrx_word' id='word_1_191' title='bbox 844 3279 985 3354; x_wconf 83' lang='lat' dir='ltr'>regest</span> <span class='ocrx_word' id='word_1_192' title='bbox 1010 3290 1089 3335; x_wconf 88' lang='lat' dir='ltr'>cunr</span> 
     </span>
     <span class='ocr_line' id='line_1_31' title="bbox 144 3371 1088 3455; baseline -0.002 -18"><span class='ocrx_word' id='word_1_193' title='bbox 144 3372 327 3451; x_wconf 86' lang='lat' dir='ltr'>Godwino,</span> <span class='ocrx_word' id='word_1_194' title='bbox 342 3380 443 3438; x_wconf 87' lang='lat' dir='ltr'>erant</span> <span class='ocrx_word' id='word_1_195' title='bbox 459 3373 624 3455; x_wconf 87' lang='lat' dir='ltr'>perpauci</span> <span class='ocrx_word' id='word_1_196' title='bbox 646 3372 706 3454; x_wconf 94' lang='lat' dir='ltr'>qui</span> <span class='ocrx_word' id='word_1_197' title='bbox 727 3371 940 3436; x_wconf 83' lang='lat' dir='ltr'>fortitudinis</span> <span class='ocrx_word' id='word_1_198' title='bbox 957 3371 1088 3454; x_wconf 89' lang='lat' dir='ltr'>aliquid</span> 
     </span>
     <span class='ocr_line' id='line_1_32' title="bbox 144 3471 1090 3554; baseline 0 -18"><span class='ocrx_word' id='word_1_199' title='bbox 144 3473 321 3551; x_wconf 91' lang='lat' dir='ltr'>baberent,</span> <span class='ocrx_word' id='word_1_200' title='bbox 350 3472 416 3536; x_wconf 91' lang='lat' dir='ltr'>nisi</span> <span class='ocrx_word' id='word_1_201' title='bbox 439 3479 576 3537; x_wconf 91' lang='lat' dir='ltr'>tantum</span> <span class='ocrx_word' id='word_1_202' title='bbox 600 3471 719 3554; x_wconf 84' lang='lat' dir='ltr'>Angli,</span> <span class='ocrx_word' id='word_1_203' title='bbox 741 3491 898 3554; x_wconf 83' lang='lat' dir='ltr'>pugnare</span> <span class='ocrx_word' id='word_1_204' title='bbox 924 3471 1090 3537; x_wconf 90' lang='lat' dir='ltr'>adversus</span> 
     </span>
     <span class='ocr_line' id='line_1_33' title="bbox 144 3573 1091 3657; baseline 0.001 -20"><span class='ocrx_word' id='word_1_205' title='bbox 144 3593 226 3637; x_wconf 92' lang='lat' dir='ltr'>suos</span> <span class='ocrx_word' id='word_1_206' title='bbox 259 3574 471 3657; x_wconf 90' lang='lat' dir='ltr'>propinquos</span> <span class='ocrx_word' id='word_1_207' title='bbox 503 3592 544 3637; x_wconf 86' lang='lat' dir='ltr'>ac</span> <span class='ocrx_word' id='word_1_208' title='bbox 577 3573 822 3656; x_wconf 86' lang='lat' dir='ltr'>compatriotas</span> <span class='ocrx_word' id='word_1_209' title='bbox 852 3593 940 3656; x_wconf 93' lang='lat' dir='ltr'>pene</span> <span class='ocrx_word' id='word_1_210' title='bbox 972 3593 1091 3638; x_wconf 88' lang='lat' dir='ltr'>omnes</span> 
     </span>
     <span class='ocr_line' id='line_1_34' title="bbox 144 3673 1089 3758; baseline -0.001 -19"><span class='ocrx_word' id='word_1_211' title='bbox 144 3673 394 3753; x_wconf 86' lang='lat' dir='ltr'>abhorrebant3</span> <span class='ocrx_word' id='word_1_212' title='bbox 418 3674 509 3738; x_wconf 89' lang='lat' dir='ltr'>unde</span> <span class='ocrx_word' id='word_1_213' title='bbox 528 3675 754 3758; x_wconf 84' lang='lat' dir='ltr'>sapientiores</span> <span class='ocrx_word' id='word_1_214' title='bbox 776 3673 905 3757; x_wconf 91' lang='lat' dir='ltr'>quique</span> <span class='ocrx_word' id='word_1_215' title='bbox 929 3693 974 3738; x_wconf 84' lang='lat' dir='ltr'>ex</span> <span class='ocrx_word' id='word_1_216' title='bbox 994 3682 1089 3739; x_wconf 87' lang='lat' dir='ltr'>utra·</span> 
     </span>
     <span class='ocr_line' id='line_1_35' title="bbox 145 3773 1089 3858; baseline 0.003 -21"><span class='ocrx_word' id='word_1_217' title='bbox 145 3795 213 3858; x_wconf 91' lang='lat' dir='ltr'>que</span> <span class='ocrx_word' id='word_1_218' title='bbox 230 3783 341 3857; x_wconf 89' lang='lat' dir='ltr'>parte,</span> <span class='ocrx_word' id='word_1_219' title='bbox 360 3774 450 3839; x_wconf 89' lang='lat' dir='ltr'>inter</span> <span class='ocrx_word' id='word_1_220' title='bbox 472 3794 585 3855; x_wconf 82' lang='lat' dir='ltr'>regem</span> <span class='ocrx_word' id='word_1_221' title='bbox 605 3781 640 3839; x_wconf 89' lang='lat' dir='ltr'>et</span> <span class='ocrx_word' id='word_1_222' title='bbox 657 3773 780 3838; x_wconf 92' lang='lat' dir='ltr'>ducem</span> <span class='ocrx_word' id='word_1_223' title='bbox 799 3792 919 3856; x_wconf 88' lang='lat' dir='ltr'>pacem</span> <span class='ocrx_word' id='word_1_224' title='bbox 941 3774 1089 3840; x_wconf 89' lang='lat' dir='ltr'>redinte-</span> 
     </span>
     <span class='ocr_line' id='line_1_36' title="bbox 145 3874 1090 3959; baseline 0.001 -21"><span class='ocrx_word' id='word_1_225' title='bbox 145 3881 298 3958; x_wconf 84' lang='lat' dir='ltr'>grantes,</span> <span class='ocrx_word' id='word_1_226' title='bbox 314 3875 504 3939; x_wconf 84' lang='lat' dir='ltr'>exercitum</span> <span class='ocrx_word' id='word_1_227' title='bbox 526 3877 570 3940; x_wconf 90' lang='lat' dir='ltr'>ab</span> <span class='ocrx_word' id='word_1_228' title='bbox 590 3875 695 3939; x_wconf 90' lang='lat' dir='ltr'>armis</span> <span class='ocrx_word' id='word_1_229' title='bbox 711 3874 886 3939; x_wconf 88' lang='lat' dir='ltr'>discedere</span> <span class='ocrx_word' id='word_1_230' title='bbox 899 3874 1090 3959; x_wconf 87' lang='lat' dir='ltr'>jusserunt.</span> 
     </span>
     <span class='ocr_line' id='line_1_37' title="bbox 147 3974 1207 4058; baseline 0.001 -18"><span class='ocrx_word' id='word_1_231' title='bbox 147 3977 254 4041; x_wconf 91' lang='lat' dir='ltr'>Mane</span> <span class='ocrx_word' id='word_1_232' title='bbox 276 3983 393 4040; x_wconf 90' lang='lat' dir='ltr'>autern</span> <span class='ocrx_word' id='word_1_233' title='bbox 415 3976 520 4053; x_wconf 86' lang='lat' dir='ltr'>facto,</span> <span class='ocrx_word' id='word_1_234' title='bbox 538 3975 719 4041; x_wconf 89' lang='lat' dir='ltr'>concilium</span> <span class='ocrx_word' id='word_1_235' title='bbox 743 3996 806 4039; x_wconf 87' lang='lat' dir='ltr'>rex</span> <span class='ocrx_word' id='word_1_236' title='bbox 827 3974 959 4053; x_wconf 88' lang='lat' dir='ltr'>habuit,</span> <span class='ocrx_word' id='word_1_237' title='bbox 977 3974 1092 4058; x_wconf 88' lang='lat' dir='ltr'>pristi-</span> <span class='ocrx_word' id='word_1_238' title='bbox 1078 3988 1207 4030; x_wconf 72' lang='lat' dir='ltr'>-00dw1ne</span> 
     </span>
    </p>
   </div>
   <div class='ocr_carea' id='block_1_5' title="bbox 1105 4039 1191 4080">
    <p class='ocr_par' dir='ltr' id='par_1_5' title="bbox 1105 4039 1191 4080">
     <span class='ocr_line' id='line_1_38' title="bbox 1105 4039 1191 4080; baseline -0.023 0"><span class='ocrx_word' id='word_1_239' title='bbox 1105 4041 1147 4080; x_wconf 78' lang='lat' dir='ltr'>sud</span> <span class='ocrx_word' id='word_1_240' title='bbox 1156 4039 1191 4079; x_wconf 85' lang='lat' dir='ltr'>his</span> 
     </span>
    </p>
   </div>
   <div class='ocr_carea' id='block_1_6' title="bbox 146 4075 1182 4159">
    <p class='ocr_par' dir='ltr' id='par_1_6' title="bbox 146 4075 1182 4159">
     <span class='ocr_line' id='line_1_39' title="bbox 146 4075 1182 4159; baseline 0 -19"><span class='ocrx_word' id='word_1_241' title='bbox 146 4096 297 4158; x_wconf 89' lang='lat' dir='ltr'>numque</span> <span class='ocrx_word' id='word_1_242' title='bbox 325 4076 488 4142; x_wconf 87' lang='lat' dir='ltr'>bonorem</span> <span class='ocrx_word' id='word_1_243' title='bbox 516 4076 661 4159; x_wconf 89' lang='lat' dir='ltr'>pleniter</span> <span class='ocrx_word' id='word_1_244' title='bbox 684 4075 831 4140; x_wconf 90' lang='lat' dir='ltr'>reddidit</span> <span class='ocrx_word' id='word_1_245' title='bbox 858 4075 1029 4140; x_wconf 90' lang='lat' dir='ltr'>Godwino</span> <span class='ocrx_word' id='word_1_246' title='bbox 1059 4084 1182 4140; x_wconf 72' lang='lat' dir='ltr'>etramu</span> 
     </span>
    </p>
   </div>
   <div class='ocr_carea' id='block_1_7' title="bbox 1106 4141 1209 4182">
    <p class='ocr_par' dir='ltr' id='par_1_7' title="bbox 1106 4141 1209 4182">
     <span class='ocr_line' id='line_1_40' title="bbox 1106 4141 1209 4182; baseline -0.032 0"><span class='ocrx_word' id='word_1_247' title='bbox 1106 4141 1209 4182; x_wconf 81' lang='lat' dir='ltr'>restored</span> 
     </span>
    </p>
   </div>
   <div class='ocr_carea' id='block_1_8' title="bbox 147 4176 1209 4292">
    <p class='ocr_par' dir='ltr' id='par_1_8' title="bbox 147 4176 1209 4292">
     <span class='ocr_line' id='line_1_41' title="bbox 147 4176 1209 4292; baseline -0.001 -50"><span class='ocrx_word' id='word_1_248' title='bbox 147 4179 250 4242; x_wconf 84' lang='lat' dir='ltr'>uxori</span> <span class='ocrx_word' id='word_1_249' title='bbox 264 4197 347 4254; x_wconf 88' lang='lat' dir='ltr'>suae,</span> <span class='ocrx_word' id='word_1_250' title='bbox 363 4178 521 4271; x_wconf 91' lang='lat' dir='ltr'>filiisque</span> <span class='ocrx_word' id='word_1_251' title='bbox 526 4177 698 4254; x_wconf 91' lang='lat' dir='ltr'>omnibus,</span> <span class='ocrx_word' id='word_1_252' title='bbox 712 4183 859 4259; x_wconf 87' lang='lat' dir='ltr'>excepto</span> <span class='ocrx_word' id='word_1_253' title='bbox 874 4176 1012 4252; x_wconf 89' lang='lat' dir='ltr'>Suano;</span> <span class='ocrx_word' id='word_1_254' title='bbox 1036 4177 1094 4242; x_wconf 91' lang='lat' dir='ltr'>ille</span> <span class='ocrx_word' id='word_1_255' title='bbox 1106 4191 1209 4292; x_wconf 43' lang='lat'>¹³:222?</span> 
     </span>
    </p>
   </div>
   <div class='ocr_carea' id='block_1_9' title="bbox 925 4295 944 4341">
    <p class='ocr_par' dir='ltr' id='par_1_9' title="bbox 925 4295 944 4341">
     <span class='ocr_line' id='line_1_42' title="bbox 925 4295 944 4341; baseline 0 0"><span class='ocrx_word' id='word_1_256' title='bbox 925 4295 944 4341; x_wconf 90' lang='lat' dir='ltr'><strong>P</strong></span> 
     </span>
    </p>
   </div>
   <div class='ocr_carea' id='block_1_10' title="bbox 0 0 1492 4860">
    <p class='ocr_par' dir='ltr' id='par_1_10' title="bbox 0 0 1492 4860">
     <span class='ocr_line' id='line_1_43' title="bbox 0 0 1492 4860; baseline 0 0"><span class='ocrx_word' id='word_1_257' title='bbox 0 0 1492 4860; x_wconf 95' lang='lat' dir='ltr'> </span> 
     </span>
    </p>
   </div>
  </div>
 </body>
</html>
