2940 4860
333 413 398 479 180
704 426 913 479 cunoruoou

337 598 406 666 tus,
429 597 508 671 post
538 586 770 669 supradictam
797 585 1115 666 interrogationem,
1137 591 1288 648 conatus

337 697 391 754 cst
405 709 427 752 a
451 688 605 771 praelatis
628 688 850 770 optimatibus
872 685 988 749 fidelia
1006 684 1205 768 juramenta
1232 703 1289 747 re-

337 791 462 872 cipere.
515 787 564 852 At
580 787 648 870 ipsi
660 786 866 871 juraverunt
883 784 946 862 illi,
963 784 1056 868 quod
1074 804 1152 848 eum
1167 802 1289 864 regem

338 891 403 953 sibi
433 889 559 970 eligere
586 887 725 963 vellent,
750 887 849 968 cique
872 883 1048 949 humiliter
1074 884 1224 960 obedire,
1251 890 1291 946 et

338 1010 401 1054 suo
418 988 585 1053 exercitui
600 986 782 1067 vectigalia
797 986 899 1059 dare;
923 990 971 1062 et,
982 985 1289 1067 accepto'pignore

338 1091 381 1154 de
395 1108 498 1153 mann
515 1107 579 1151 sua
594 1086 700 1162 nuda,
715 1106 793 1150 cum
804 1084 1012 1170 juramentis
1030 1103 1051 1147 a
1074 1083 1288 1166 principibus

339 1191 532 1264 Bonorum,
561 1187 686 1251 fratres
702 1193 737 1250 et
753 1185 843 1249 filios
861 1184 1056 1249 Eadmundi
1073 1185 1211 1247 omnino
1227 1183 1290 1247 de·
1315 1223 1323 1228 -

175 1317 285 1356 cautem·
340 1295 541 1372 spexernnt,
557 1306 684 1369 eosque
704 1305 802 1368 reges
818 1303 893 1348 esse
909 1291 1136 1366 negaverunt.
1184 1283 1289 1348 Unus

175 1367 286 1456 illisa
340 1397 455 1452 autem
473 1409 516 1452 ex
534 1387 619 1469 ipsis
637 1386 791 1467 praelatis
814 1385 996 1449 clitonibus
1018 1390 1093 1448 erat
1111 1383 1289 1460 Eadwius,

175 1464 306 1563 iiiiii?
340 1489 500 1569 egregius
519 1505 559 1549 ac
576 1484 878 1548 reverendissimus
894 1484 984 1566 regis
1002 1482 1197 1547 Eadmundi
1211 1503 1290 1564 ger-

177 1565 270 1613 m*
339 1606 475 1661 manus,
490 1605 592 1668 quem
617 1585 742 1648 ibidem
769 1603 847 1647 cum
873 1584 1017 1648 consilio
1036 1584 1184 1666 pessimo
1199 1603 1289 1647 exu-

339 1687 405 1750 lem
424 1705 499 1750 esse
515 1684 639 1748 debere
658 1685 921 1748 constituerunt.
974 1684 1116 1748 Etcum
1133 1683 1291 1747 audisset

340 1785 497 1850 Canutus
518 1804 582 1848 rex
606 1784 840 1848 adulationem
865 1783 1153 1866 supradictorum,
1169 1790 1205 1846 et
1231 1783 1290 1847 de-

339 1885 551 1967 spectionem
575 1903 679 1966 quam
702 1885 853 1948 fecerunt
869 1885 906 1947 in
925 1884 1117 1960 Eadwium,
1133 1882 1290 1965 gaudens

340 1985 495 2048 introivit
506 1985 541 2046 in
556 2003 726 2048 cameram
749 2003 859 2060 suam,
883 2003 1079 2064 vocansque
1096 1984 1139 2047 ad
1157 2002 1194 2046 se
1210 2003 1290 2064 per-

342 2084 446 2147 fidum
467 2083 588 2148 ducem
617 2085 789 2161 Edricum,
812 2084 1053 2147 sciscitabatur
1070 2085 1114 2147 ab
1141 2101 1183 2147 eo
1203 2102 1292 2165 quo-

340 2185 443 2249 modo
479 2183 638 2266 decipere
675 2185 842 2248 valuisset
874 2184 1068 2261 Eadwium,
1097 2189 1137 2248 ut
1168 2184 1291 2246 mortis

342 2284 473 2349 subiret
508 2283 709 2367 periculum.
772 2284 842 2362 Qui
877 2284 1098 2367 respondens,
1129 2283 1218 2347 dixit
1252 2302 1291 2346 se

342 2385 431 2448 scire
462 2385 633 2467 quendam
657 2385 771 2448 virum
796 2384 914 2456 alium,
932 2383 1205 2448 AEtbelwardum
1231 2403 1292 2447 no-

343 2484 444 2560 mine,
459 2486 518 2566 qui
537 2504 574 2547 se
589 2483 725 2547 facilius
740 2503 818 2546 eum
841 2483 875 2545 in
901 2490 1047 2547 mortem
1064 2485 1198 2548 tradere
1216 2483 1293 2566 qui·

343 2584 461 2658 visset,
479 2603 556 2645 cum
580 2602 649 2665 quo
664 2582 873 2664 colloquium
887 2583 1013 2647 habere
1027 2591 1157 2665 posset,
1169 2583 1292 2666 illique

256 2697 258 2701 ·
343 2683 484 2745 nimiam
518 2682 709 2745 mercedem
737 2682 948 2764 promittere.
1003 2682 1151 2765 Cognito
1174 2691 1293 2748 autem

344 2782 410 2845 viri·
433 2783 581 2857 nomine,
596 2783 736 2845 vocavit
753 2801 832 2845 cum
856 2802 919 2846 rex
943 2784 986 2846 ad
1013 2803 1063 2860 se,
1079 2784 1293 2849 astutissime

347 2880 487 2944 dicens:
512 2887 521 2914 ‘
537 2881 594 2945 Sic
608 2888 644 2944 et
658 2882 707 2945 sic
724 2882 895 2945 allocutus
908 2890 962 2946 est
978 2903 1032 2947 me
1047 2885 1118 2947 dux
1136 2884 1293 2962 Edricus,

344 2981 461 3043 dicens
482 2987 518 3044 te
544 3000 645 3063 posse
671 2982 833 3045 seducere
860 2982 1041 3047 Eadwium
1061 2984 1235 3063 clitonem,
1253 2992 1294 3050 ut

344 3081 531 3145 occidatur.
583 3080 692 3146 Modo
719 3082 900 3165 acquiesce
922 3084 1073 3147 ‹busiliis
1094 3085 1234 3161 nostriS,
1258 3097 1294 3150 et

345 3181 486 3262 potieris
501 3181 594 3244 omni
610 3180 739 3246 honore
752 3190 787 3245 et
799 3183 968 3264 dignitate
982 3191 1119 3266 patrum
1136 3191 1293 3264 tuorum;

345 3287 381 3343 et
409 3301 524 3363 quaere
552 3281 635 3344 milri
664 3291 769 3364 caput
798 3283 886 3366 ejus',
911 3290 946 3346 et
974 3285 1041 3346 eris
1069 3283 1152 3347 milri
1179 3285 1295 3350 carior
1341 3357 1342 3360 Ἴ

345 3379 452 3445 fratre
468 3382 656 3462 germano!
708 3382 775 3446 Ille
788 3402 871 3446 vero
888 3383 1024 3447 dicebat
1047 3403 1085 3448 se
1102 3384 1190 3448 velle
1214 3405 1295 3448 eum

347 3499 500 3562 quaerere
519 3488 557 3545 ut
581 3482 843 3559 interficeretur,
860 3483 890 3546 si
906 3483 1099 3548 ullo-modo
1113 3485 1294 3550 valuisset.

348 3578 584 3645 Veruntamen
614 3583 765 3647 nondum
791 3584 889 3647 illum
913 3603 1037 3648 necare
1058 3584 1210 3662 volebat,
1232 3586 1295 3650 sed

346 3689 487 3762 propter
498 3682 755 3746 excusationem
767 3682 832 3747 hoc
847 3686 1089 3765 promittebat3
1113 3693 1188 3749 crat
1203 3687 1295 3750 enim

185 3803 279 3856 nonnus
345 3780 404 3844 ille
417 3801 462 3844 ex
477 3781 688 3845 nobilissimo
701 3801 826 3862 genere
842 3782 1033 3865 Anglornm
1050 3783 1173 3850 ortus.¹
1225 3785 1296 3850 Re-

184 3853 335 3953 diiiiddi'fi
349 3881 516 3946 verendus
534 3880 587 3943 vir
614 3879 771 3945 Leofsius
789 3881 1057 3964 Thornegiensis
1079 3886 1188 3949 abbas
1216 3905 1295 3950 sus·

345 3980 437 4063 cepit
454 3981 691 4062 episcopatum
708 3979 961 4062 Wigorniensis
977 3985 1142 4049 ecclesiae.

351 4081 1297 4108 *Q

380 4133 386 4164 ¹
409 4130 506 4193 ortua]
542 4130 580 4180 of
604 4130 646 4180 the
673 4133 812 4194 preceding
835 4132 878 4182 the
895 4135 1005 4199 existing
1022 4137 1139 4188 russos
1152 4140 1195 4188 tlrc
1209 4139 1297 4190 Shon

346 4201 496 4271 particulare
507 4201 577 4250 there
589 4216 632 4251 are
647 4217 678 4250 no
690 4203 809 4252 tracesio
836 4202 978 4256 Chronicle.
