2940 4860
408 389 600 436 rnonnurn
625 388 906 438 wroonurnusra
1088 371 1132 436 87

180 543 365 609 instinctus
387 545 575 623 AElsredus,
598 555 632 611 et
655 545 909 629 pulchritudine
931 544 1131 628 principalis

180 642 307 709 litterae
321 645 415 709 illius
438 645 517 710 libri
541 646 688 723 illectae,
706 647 766 713 ¹ita
791 648 893 712 matri
909 647 1130 728 respondens,

180 743 306 826 inquit,
320 750 330 780 ‘
344 745 480 810 Verene
496 747 595 811 dabis
610 748 717 811 istum
742 747 867 810 librum
885 746 944 809 uni
960 766 1005 810 ex
1019 748 1130 824 nobis,

181 843 311 909 scilicet
321 845 372 909 illi
385 846 445 928 qui
456 847 620 911 citissime
628 847 821 928 intelligere
833 854 868 911 et
877 847 1022 910 recitare
1034 845 1129 910 enm¹

182 951 262 1009 ante
278 952 314 1010 te
329 946 481 1028 possiti'
533 945 590 1011 Ad
615 946 689 1012 baec
711 947 774 1010 illa
797 947 964 1021 arridens,
979 945 1129 1022 ‘Dabo’

182 1044 270 1120 infit,
294 1045 388 1110 ‘illi'
439 1045 540 1110 Tunc
564 1047 623 1111 ille
649 1048 767 1110 statim
795 1047 919 1111 tollens
941 1046 1065 1109 librum
1087 1047 1130 1110 de

182 1163 284 1207 manu
308 1163 384 1219 sua,
408 1146 611 1227 magistrum
633 1147 730 1224 adiit,
749 1153 784 1211 et
806 1147 910 1228 legit:
937 1166 1006 1228 quo
1027 1145 1130 1222 lecto,

183 1244 285 1307 matri
321 1244 440 1309 retulit
471 1251 506 1309 et
535 1246 702 1312 recitavit.
764 1246 851 1310 Post
887 1246 961 1310 baec
992 1264 1131 1310 cursum

181 1341 352 1420 diurnum,
377 1345 528 1426 psalmos
552 1346 719 1428 quosdam
746 1354 781 1410 et
805 1347 978 1410 orationes
1004 1345 1131 1409 multas

182 1443 323 1518 didicit;
350 1463 429 1527 quae
445 1445 558 1510 omnia
581 1446 617 1509 in
644 1465 715 1509 uno
742 1445 829 1509 libro
847 1451 1070 1527 congregata,
1095 1446 1131 1509 in

182 1543 260 1606 sinu
290 1561 355 1608 suo
385 1544 439 1607 die
472 1551 658 1626 noctuque,
690 1546 855 1609 orationis
887 1544 1012 1626 gratia,
1041 1545 1132 1609 inter

182 1644 297 1706 omnia
319 1645 501 1727 praesentis
521 1645 603 1708 vitae
627 1645 809 1721 curricula,
832 1646 959 1727 ubique
985 1645 1130 1708 circum·

182 1741 340 1808 ducebat.
392 1742 471 1819 Sed,
489 1742 575 1827 proh
592 1744 701 1822 dolor,
718 1745 810 1828 quod
833 1745 983 1808 maxime
998 1744 1131 1808 deside-

183 1844 294 1919 rabat,
309 1843 483 1907 liberalem
510 1843 641 1908 scilicet
656 1853 777 1922 artem,
793 1844 960 1908 desiderio
976 1864 1040 1909 suo
1063 1864 1132 1908 non

184 1944 399 2027 suppetebat,
418 1963 459 2007 eo
477 1943 569 2026 quod
594 1944 655 2008 illo
673 1951 827 2027 tempore
842 1942 1079 2025 grammatici²
1096 1945 1132 2006 in

183 2050 258 2107 toto
272 2063 378 2125 regno
394 2042 668 2109 Occidentalium
685 2043 863 2108 Saxonum
878 2064 946 2108 non
963 2043 1095 2107 erantss’

235 2141 353 2207 “Cum
367 2144 545 2221 autem,1n
558 2143 722 2226 primaevo
730 2143 925 2227 juventutis
936 2163 1010 2207 snae
1022 2141 1132 2219 flore,³
1144 2161 1186 2202 nu
1194 2161 1257 2200 aaa

184 2249 330 2307 mentem
360 2261 458 2307 suam
486 2244 522 2305 in
546 2242 613 2306 Dei
641 2243 811 2308 mandatis
838 2243 992 2307 stabilire
1016 2212 1189 2319 velletst¹⁰¹¹

183 2361 290 2425 seque
321 2363 343 2407 a
372 2343 504 2407 carnali
531 2342 700 2407 desiderio
731 2344 904 2407 abstinere
933 2363 1002 2406 non
1032 2362 1134 2425 posse

184 2449 360 2522 cerneret3
383 2462 428 2506 ne
453 2441 619 2506 offensam
640 2443 707 2507 Dei
733 2444 931 2519 incurreret,
948 2443 978 2506 si
1005 2442 1224 2527 aliquid-¹„

186 2543 394 2606 contrarium
419 2543 591 2607 voluntati
617 2543 709 2607 illius
732 2549 924 2625 perageret,
947 2543 1135 2624 saepissime

186 2641 375 2723 gallicantu
402 2650 439 2706 et
467 2643 647 2706 matutinis
674 2642 768 2706 horis
798 2643 888 2706 clam
912 2661 1136 2723 consurgens,

186 2741 348 2805 ecclesias
383 2747 418 2805 et
447 2741 612 2824 reliquias
650 2751 847 2806 sanctorum
877 2741 998 2806 orandi
1029 2761 1136 2806 causa

187 2842 362 2918 visitabat,
376 2841 493 2923 ibique
514 2840 573 2906 diu
588 2837 782 2924 prostratus
797 2843 931 2918 orabat,
947 2861 1016 2924 quo
1040 2841 1137 2905 Deus

189 2940 426 3023 Omnipotens,
448 2948 590 3024 propter
613 2960 713 3005 suam
735 2937 1015 3016 misericordiam,
1041 2959 1136 3004 men-

188 3051 257 3104 tem
273 3041 367 3105 illius
382 3060 499 3105 amore
524 3060 597 3105 suae
619 3042 796 3106 servitutis
822 3061 884 3124 per
906 3040 1059 3124 aliquam
1085 3042 1137 3105 in·

189 3141 384 3206 firmitatem
421 3160 526 3222 quam
557 3149 675 3224 posset
707 3142 890 3216 sustinere,
920 3160 990 3204 non
1022 3149 1137 3204 tamen

189 3260 257 3323 quo
274 3260 353 3304 eum
367 3240 546 3322 indignum
565 3249 600 3306 et
616 3241 796 3305 inutilem'
786 3262 823 3305 ιιι
838 3240 1020 3304 mundanis
1036 3242 1138 3303 rebus

189 3340 329 3418 faceret,
345 3342 592 3405 corroboraret.
644 3340 802 3422 Cumque
825 3341 891 3404 hoc
919 3340 1047 3422 saepius
1063 3358 1137 3402 ma·
1150 3359 1220 3399 nan
1221 3359 1269 3398 ceta

189 3459 259 3520 gna
282 3441 407 3504 mentis
430 3439 611 3504 devotione
634 3447 765 3522 ageret,
782 3448 863 3522 post
886 3409 1292 3521 anquantulumfiiss,21n.

189 3540 407 3606 intervallum
432 3539 488 3603 fici
512 3539 663 3604 dolorem
681 3540 748 3604 Dei
762 3559 902 3604 munere
916 3539 1080 3616 incurrit;
1103 3509 1299 3611 inmittitur,

190 3659 258 3722 quo
273 3640 333 3704 diu
360 3647 396 3704 et
422 3658 515 3721 aegre
541 3659 602 3721 per
627 3641 754 3703 multos
778 3658 887 3704 annos
901 3641 1066 3702 roborans
1089 3658 1142 3715 se,
1150 3621 1231 3660 Μ

189 3740 292 3803 etiam
310 3740 353 3803 de
369 3739 443 3803 vita
456 3739 674 3821 desperabat.
726 3738 793 3802 Sed
806 3738 954 3821 quodam
973 3745 1140 3820 tempore,

186 3839 304 3904 divino
339 3846 439 3913 nutu,
475 3859 554 3902 cum
595 3837 802 3903 Cornubiam
842 3836 991 3903 venandi
1030 3856 1138 3901 causa

223 4039 336 4102 ¹Eum.]
370 4038 496 4100 Supplied
525 4039 588 4088 from
616 4037 650 4087 A.

188 4111 268 4160 MSS.
281 4115 305 4159 et
315 4110 384 4158 editt.
395 4109 462 4157 omit.

222 4179 354 4229 'lectores
365 4177 469 4229 bonini.

711 4068 722 4097 ³
738 4071 832 4134 Flora]
852 4071 998 4134 Antequam
1011 4074 1137 4136 propriam

675 4143 806 4203 conjugem
816 4142 921 4192 duceret
931 4142 965 4194 A.
976 4146 1032 4194 add.
