2940 4860
387 392 431 457 84
761 409 969 458 onsorucou

390 568 524 633 AElfred
540 589 620 633 vero
635 588 718 633 suus
741 568 847 633 frater
864 589 943 631 cum
959 568 1030 632 suis
1047 567 1242 631 cohortibus
1260 587 1340 631 con-

391 677 445 734 tra
470 689 588 734 omnes
606 669 825 752 Paganorum
843 669 948 732 duces
964 668 1046 732 belli
1065 675 1192 732 sortem
1208 688 1342 733 sumere

390 769 513 835 dehere
543 769 656 834 sciret.
709 767 844 847 Quibus
873 769 923 832 ita
953 769 1096 833 firmiter
1123 770 1167 832 ab
1195 776 1342 852 utraque

389 879 488 952 parte
506 869 692 952 dispositis
708 889 783 932 cum
808 888 868 932 rex
896 869 931 932 in
957 868 1111 933 oratione
1126 868 1254 933 diutius
1270 889 1342 933 mo-

388 979 534 1046 raretur,
564 978 599 1034 et
629 969 764 1050 Pagani
792 968 904 1050 parati
930 968 973 1031 ad
1005 969 1119 1033 locum
1145 970 1340 1033 certaminis

389 1072 490 1135 citius
515 1069 746 1146 advenissent,
764 1068 896 1132 AElfred
912 1075 994 1133 tunc
1010 1069 1243 1146 secundarius
1261 1090 1339 1134 cum

389 1170 517 1235 diutius
540 1169 681 1235 hostiles
712 1170 802 1234 acies
828 1169 916 1232 ferre
941 1189 1011 1233 non
1035 1177 1163 1252 posset,
1191 1170 1257 1233 nisi
1279 1180 1340 1235 aut

388 1271 478 1335 bello
493 1278 680 1335 retrorsum
692 1269 839 1346 cederet,
849 1277 909 1333 aut
925 1276 1046 1333 contra
1056 1269 1197 1335 hostiles
1209 1272 1338 1353 copias,

388 1379 469 1436 aute
501 1369 616 1434 fratris
646 1370 842 1446 adventum,
868 1369 903 1432 iu
935 1369 1063 1433 bellum
1091 1379 1339 1454 prorumperet,

388 1472 523 1535 demum
548 1470 702 1548 viriliter,
723 1470 843 1552 aprino
860 1489 965 1547 more,
984 1468 1198 1536 christianas
1221 1472 1338 1554 copias

389 1579 510 1635 contra
536 1570 678 1634 hostiles
703 1570 885 1646 exercitus,
909 1576 948 1633 ut
971 1576 1051 1634 ante
1076 1585 1338 1654 proposuerant,

389 1672 546 1754 quamvis
565 1676 626 1734 rex
643 1670 753 1734 adhuc
783 1690 850 1734 non
867 1677 1021 1747 venerat,
1037 1670 1199 1754 dirigens,
1222 1674 1338 1738 divino

388 1772 496 1836 fretus
512 1771 653 1836 consilio
676 1779 711 1836 et
732 1770 841 1835 fultus
858 1769 1044 1854 adjutorio,
1060 1772 1230 1836 testudine
1246 1774 1337 1838 ordi·

389 1873 548 1936 habiliter
590 1871 811 1948 condensata,
849 1871 1027 1935 confestim
1065 1882 1184 1938 contra
1221 1874 1338 1938 hostes

388 1972 517 2039 vexilla
552 1982 676 2036 movet.
728 1971 883 2034 Tandem
921 1991 983 2034 rex
1021 1973 1196 2050 AEtbored,
1231 1973 1337 2040 finitis

387 2075 511 2156 quibus
527 2081 716 2156 occupatus
733 2079 808 2136 erat
829 2071 1051 2148 orationibus,
1069 2074 1220 2152 advenit,
1236 2083 1270 2140 et
1285 2077 1337 2139 in·

390 2183 512 2239 vocato
532 2194 658 2255 magno
676 2172 793 2235 mundi
811 2172 983 2254 Principe,
999 2193 1080 2237 mox
1097 2194 1134 2238 se
1157 2177 1336 2240 certamini

387 2272 505 2339 dedit.¹
557 2274 623 2338 Sed
638 2274 702 2337 hoc
718 2274 753 2336 in
770 2271 846 2336 loco
862 2272 1093 2337 nescientibus
1109 2276 1336 2341 intimandum

386 2383 451 2450 est,
467 2374 560 2456 quod
574 2375 632 2438 ille
649 2374 746 2437 locus
770 2372 964 2437 certaminis
989 2374 1269 2456 belligerantibus
1284 2378 1334 2440 in·

385 2475 528 2556 aequalis
544 2482 637 2548 erat3
662 2493 742 2537 narn
769 2472 903 2554 Pagani
926 2472 1102 2538 editiorem
1116 2475 1228 2540 locum
1247 2497 1334 2560 prae·

385 2581 652 2656 occupaverunt,
671 2572 858 2636 Christiani
884 2574 927 2636 ah
953 2574 1102 2638 inferiori
1129 2576 1205 2641 loco
1228 2578 1334 2642 aciem

385 2674 587 2756 dirigebant.
617 2699 620 2706 ·
651 2672 736 2737 Erat
769 2692 905 2756 quoque
938 2675 972 2737 in
1010 2674 1130 2739 eodem
1159 2676 1235 2741 loco
1265 2698 1336 2743 una

385 2775 524 2857 spinosa
548 2775 660 2850 arhor,
675 2773 790 2836 brevis
815 2772 1024 2851 admodum,2
1048 2776 1139 2839 circa
1154 2797 1258 2859 quarn
1273 2779 1336 2843 ho-

384 2874 480 2938 stiles
497 2875 586 2940 inter
600 2894 637 2938 se
654 2873 756 2948 acieS,
769 2893 846 2936 cum
861 2873 993 2955 ingenti
1005 2877 1154 2940 omnium
1171 2878 1333 2956 clamore,

384 2974 434 3037 illi
465 2994 644 3058 perperam
669 2980 821 3054 agentes,
851 2973 909 3038 isti
941 2994 1003 3056 pro
1031 2976 1104 3041 vita
1135 2984 1169 3041 et
1200 2978 1335 3043 dilectis

384 3082 489 3156 atque
529 3075 642 3157 patria
679 3074 877 3156 pugnaturi,
908 3074 1078 3140 hostiliter
1114 3080 1339 3145 conveniunt<

384 3173 540 3258 Cumque
562 3174 762 3258 aliquandiu
778 3174 930 3239 animose
945 3176 1155 3259 nimiumque
1170 3180 1334 3244 atrociter

382 3273 460 3340 hinc
485 3284 518 3340 et
544 3276 623 3339 inde
651 3276 788 3358 utrique
822 3286 1028 3357 pugnarent,
1056 3277 1190 3359 Pagani
1217 3279 1332 3344 diuino

376 3375 509 3460 judicio
524 3375 806 3469 'Christianorum
835 3375 999 3460 impetum
1028 3378 1158 3441 diutius
1184 3399 1253 3443 non
1282 3380 1332 3444 fe-

380 3485 506 3555 rentes,
524 3477 677 3541 maxima
703 3485 801 3559 parte
828 3495 967 3540 suorum
987 3478 1112 3556 occisa,
1130 3480 1331 3561 opprobrio-

379 3597 453 3642 sam
476 3578 593 3660 fugam
610 3596 768 3659 coepere:
793 3597 861 3659 quo
878 3577 912 3640 in
928 3577 1004 3642 loco
1019 3578 1107 3642 alter
1132 3578 1174 3644 de
1198 3580 1331 3645 duobus

380 3677 600 3759 Paganorum
639 3677 777 3757 regibus
808 3685 843 3741 et
875 3678 1024 3760 quinque
1055 3680 1197 3744 comites
1227 3681 1331 3745 occisi

377 3780 620 3855 occubuerunt,
651 3784 685 3841 ct
712 3776 821 3839 multa
850 3776 957 3840 millia
986 3777 1123 3841 illorum
1146 3780 1181 3843 in
1209 3781 1329 3845 eodem

376 3876 463 3956 loco,
481 3887 516 3943 et
534 3880 676 3960 insuper
691 3897 752 3960 per
768 3885 876 3940 totam
892 3887 1117 3959 campestrem
1135 3879 1328 3946 AEscesdun

411 4117 416 4143 ¹
437 4120 541 4167 ranam
552 4136 597 4168 rex
611 4120 761 4184 ...maren
779 4121 839 4169 sax.
900 4082 1083 4151 'limito-l
1120 4092 1203 4141 Quam
1218 4094 1329 4155 nosipsi

862 4158 953 4205 nostris
981 4160 1090 4224 propriis
1112 4162 1193 4210 oeulis
1217 4164 1327 4212 vidimus

373 4187 464 4243 Chion,
494 4188 527 4243 Δ.
538 4191 604 4240 omit.
860 4224 893 4278 Α.
905 4229 960 4276 Μ
