<?xml version="1.0" encoding="UTF-8"?>
<!DOCTYPE html PUBLIC "-//W3C//DTD XHTML 1.0 Transitional//EN"
    "http://www.w3.org/TR/xhtml1/DTD/xhtml1-transitional.dtd">
<html xmlns="http://www.w3.org/1999/xhtml" xml:lang="en" lang="en">
 <head>
  <title>
</title>
<meta http-equiv="Content-Type" content="text/html;charset=utf-8" />
  <meta name='ocr-system' content='tesseract 3.04.00' />
  <meta name='ocr-capabilities' content='ocr_page ocr_carea ocr_par ocr_line ocrx_word'/>
</head>
<body>
  <div class='ocr_page' id='page_1' title='image "./florentiiwigorn03florgoog_0137.png"; bbox 0 0 2940 4860; ppageno 0'>
   <div class='ocr_carea' id='block_1_1' title="bbox 373 379 954 443">
    <p class='ocr_par' dir='ltr' id='par_1_1' title="bbox 373 379 954 443">
     <span class='ocr_line' id='line_1_1' title="bbox 373 379 954 443; baseline -0.007 0"><span class='ocrx_word' id='word_1_1' title='bbox 373 379 438 443; x_wconf 82' lang='lat'><strong>126</strong></span> <span class='ocrx_word' id='word_1_2' title='bbox 744 392 954 440; x_wconf 72' lang='lat' dir='ltr'><strong>canonicor</strong></span> 
     </span>
    </p>
   </div>
   <div class='ocr_carea' id='block_1_2' title="bbox 209 539 1356 3926">
    <p class='ocr_par' dir='ltr' id='par_1_2' title="bbox 209 539 1356 3926">
     <span class='ocr_line' id='line_1_2' title="bbox 372 539 1322 621; baseline -0.002 -16"><span class='ocrx_word' id='word_1_3' title='bbox 372 545 408 605; x_wconf 95' lang='lat' dir='ltr'><strong>in</strong></span> <span class='ocrx_word' id='word_1_4' title='bbox 424 541 642 607; x_wconf 89' lang='lat' dir='ltr'><strong>Huntandun</strong></span> <span class='ocrx_word' id='word_1_5' title='bbox 659 539 892 616; x_wconf 82' lang='lat' dir='ltr'><strong>firmaverant,</strong></span> <span class='ocrx_word' id='word_1_6' title='bbox 910 541 945 604; x_wconf 90' lang='lat' dir='ltr'><strong>in</strong></span> <span class='ocrx_word' id='word_1_7' title='bbox 957 540 1034 604; x_wconf 87' lang='lat' dir='ltr'><strong>loeo</strong></span> <span class='ocrx_word' id='word_1_8' title='bbox 1044 541 1104 621; x_wconf 94' lang='lat' dir='ltr'><strong>qui</strong></span> <span class='ocrx_word' id='word_1_9' title='bbox 1118 539 1243 604; x_wconf 90' lang='lat' dir='ltr'><strong>dicitur</strong></span> <span class='ocrx_word' id='word_1_10' title='bbox 1254 539 1322 603; x_wconf 88' lang='lat' dir='ltr'><strong>Te·</strong></span> 
     </span>
     <span class='ocr_line' id='line_1_3' title="bbox 373 640 1322 721; baseline -0.003 -16"><span class='ocrx_word' id='word_1_11' title='bbox 373 641 564 707; x_wconf 87' lang='lat' dir='ltr'><strong>meseforda</strong></span> <span class='ocrx_word' id='word_1_12' title='bbox 575 641 759 705; x_wconf 90' lang='lat' dir='ltr'><strong>firmiorem</strong></span> <span class='ocrx_word' id='word_1_13' title='bbox 775 641 840 705; x_wconf 90' lang='lat' dir='ltr'>sibi</span> <span class='ocrx_word' id='word_1_14' title='bbox 857 649 1096 721; x_wconf 85' lang='lat' dir='ltr'><strong>construxere3</strong></span> <span class='ocrx_word' id='word_1_15' title='bbox 1116 640 1322 705; x_wconf 85' lang='lat' dir='ltr'><strong>arbitrantes</strong></span> 
     </span>
     <span class='ocr_line' id='line_1_4' title="bbox 373 741 1322 807; baseline -0.002 -1"><span class='ocrx_word' id='word_1_16' title='bbox 373 762 457 807; x_wconf 90' lang='lat' dir='ltr'><strong>sane</strong></span> <span class='ocrx_word' id='word_1_17' title='bbox 483 750 610 806; x_wconf 89' lang='lat' dir='ltr'><strong>terram</strong></span> <span class='ocrx_word' id='word_1_18' title='bbox 639 741 704 804; x_wconf 94' lang='lat' dir='ltr'><strong>sibi</strong></span> <span class='ocrx_word' id='word_1_19' title='bbox 730 741 880 804; x_wconf 84' lang='lat' dir='ltr'><strong>ablatam</strong></span> <span class='ocrx_word' id='word_1_20' title='bbox 906 742 984 804; x_wconf 91' lang='lat' dir='ltr'><strong>inde</strong></span> <span class='ocrx_word' id='word_1_21' title='bbox 1007 761 1044 805; x_wconf 89' lang='lat' dir='ltr'><strong>se</strong></span> <span class='ocrx_word' id='word_1_22' title='bbox 1070 741 1255 805; x_wconf 87' lang='lat' dir='ltr'><strong>certamine</strong></span> <span class='ocrx_word' id='word_1_23' title='bbox 1269 760 1322 804; x_wconf 93' lang='lat' dir='ltr'><strong>re-</strong></span> 
     </span>
     <span class='ocr_line' id='line_1_5' title="bbox 374 839 1322 925; baseline -0.004 -18"><span class='ocrx_word' id='word_1_24' title='bbox 374 850 598 925; x_wconf 83' lang='lat' dir='ltr'><strong>cuperaturos</strong></span> <span class='ocrx_word' id='word_1_25' title='bbox 613 861 700 905; x_wconf 89' lang='lat' dir='ltr'><strong>esse.</strong></span> <span class='ocrx_word' id='word_1_26' title='bbox 753 839 840 904; x_wconf 89' lang='lat' dir='ltr'><strong>Inde</strong></span> <span class='ocrx_word' id='word_1_27' title='bbox 855 841 899 904; x_wconf 93' lang='lat' dir='ltr'><strong>ad</strong></span> <span class='ocrx_word' id='word_1_28' title='bbox 922 841 1188 923; x_wconf 84' lang='lat' dir='ltr'>expugnandam</span> <span class='ocrx_word' id='word_1_29' title='bbox 1212 841 1322 904; x_wconf 89' lang='lat' dir='ltr'><strong>Bede-</strong></span> 
     </span>
     <span class='ocr_line' id='line_1_6' title="bbox 211 941 1322 1032; baseline -0.002 -26"><span class='ocrx_word' id='word_1_30' title='bbox 211 985 360 1032; x_wconf 46' lang='lat' dir='ltr'><strong>„ffifflteffl</strong></span> <span class='ocrx_word' id='word_1_31' title='bbox 374 943 505 1007; x_wconf 89' lang='lat' dir='ltr'><strong>fordam</strong></span> <span class='ocrx_word' id='word_1_32' title='bbox 530 942 731 1024; x_wconf 89' lang='lat' dir='ltr'><strong>prosiliunt;</strong></span> <span class='ocrx_word' id='word_1_33' title='bbox 763 960 894 1018; x_wconf 88' lang='lat' dir='ltr'><strong>verum,</strong></span> <span class='ocrx_word' id='word_1_34' title='bbox 921 941 1072 1005; x_wconf 88' lang='lat' dir='ltr'><strong>adventu</strong></span> <span class='ocrx_word' id='word_1_35' title='bbox 1101 941 1238 1005; x_wconf 91' lang='lat' dir='ltr'><strong>illorum</strong></span> <span class='ocrx_word' id='word_1_36' title='bbox 1264 960 1322 1004; x_wconf 90' lang='lat' dir='ltr'><strong>co·</strong></span> 
     </span>
     <span class='ocr_line' id='line_1_7' title="bbox 374 1040 1323 1125; baseline -0.003 -19"><span class='ocrx_word' id='word_1_37' title='bbox 374 1044 481 1125; x_wconf 90' lang='lat' dir='ltr'><strong>gnito,</strong></span> <span class='ocrx_word' id='word_1_38' title='bbox 515 1043 635 1106; x_wconf 89' lang='lat' dir='ltr'><strong>urbem</strong></span> <span class='ocrx_word' id='word_1_39' title='bbox 670 1041 729 1124; x_wconf 90' lang='lat' dir='ltr'><strong>qui</strong></span> <span class='ocrx_word' id='word_1_40' title='bbox 758 1040 956 1105; x_wconf 93' lang='lat' dir='ltr'><strong>custodiunt</strong></span> <span class='ocrx_word' id='word_1_41' title='bbox 986 1042 1070 1124; x_wconf 87' lang='lat' dir='ltr'><strong>ipsis</strong></span> <span class='ocrx_word' id='word_1_42' title='bbox 1099 1041 1135 1105; x_wconf 93' lang='lat' dir='ltr'><strong>in</strong></span> <span class='ocrx_word' id='word_1_43' title='bbox 1163 1041 1323 1123; x_wconf 89' lang='lat' dir='ltr'><strong>proelium</strong></span> 
     </span>
     <span class='ocr_line' id='line_1_8' title="bbox 373 1140 1356 1223; baseline -0.004 -15"><span class='ocrx_word' id='word_1_44' title='bbox 373 1149 577 1222; x_wconf 86' lang='lat' dir='ltr'><strong>occurrunt3</strong></span> <span class='ocrx_word' id='word_1_45' title='bbox 613 1140 891 1223; x_wconf 90' lang='lat' dir='ltr'><strong>congrediuntur,</strong></span> <span class='ocrx_word' id='word_1_46' title='bbox 918 1141 1037 1205; x_wconf 63' lang='lat' dir='ltr'><strong>,hostes</strong></span> <span class='ocrx_word' id='word_1_47' title='bbox 1062 1142 1258 1217; x_wconf 89' lang='lat' dir='ltr'><strong>vincuntur,</strong></span> <span class='ocrx_word' id='word_1_48' title='bbox 1288 1141 1323 1204; x_wconf 90' lang='lat' dir='ltr'><strong>in</strong></span> <span class='ocrx_word' id='word_1_49' title='bbox 1352 1206 1356 1213; x_wconf 74' lang='grc'><em>,</em></span> 
     </span>
     <span class='ocr_line' id='line_1_9' title="bbox 209 1240 1323 1325; baseline -0.001 -18"><span class='ocrx_word' id='word_1_50' title='bbox 209 1275 339 1324; x_wconf 54' lang='lat' dir='ltr'><strong>„punem</strong></span> <span class='ocrx_word' id='word_1_51' title='bbox 372 1243 491 1325; x_wconf 86' lang='lat' dir='ltr'><strong>fugam</strong></span> <span class='ocrx_word' id='word_1_52' title='bbox 515 1249 708 1318; x_wconf 86' lang='lat' dir='ltr'><strong>vertuntur,</strong></span> <span class='ocrx_word' id='word_1_53' title='bbox 735 1241 873 1324; x_wconf 81' lang='lat' dir='ltr'><strong>plurimi</strong></span> <span class='ocrx_word' id='word_1_54' title='bbox 891 1241 1151 1305; x_wconf 87' lang='lat' dir='ltr'><strong>interficiuntur.</strong></span> <span class='ocrx_word' id='word_1_55' title='bbox 1207 1240 1323 1306; x_wconf 90' lang='lat' dir='ltr'><strong>Parvo</strong></span> 
     </span>
     <span class='ocr_line' id='line_1_10' title="bbox 211 1326 1322 1426; baseline 0 -20"><span class='ocrx_word' id='word_1_56' title='bbox 211 1326 318 1417; x_wconf 49' lang='lat' dir='ltr'><strong>{³323st</strong></span> <span class='ocrx_word' id='word_1_57' title='bbox 372 1343 554 1426; x_wconf 90' lang='lat' dir='ltr'><strong>interjecto</strong></span> <span class='ocrx_word' id='word_1_58' title='bbox 578 1350 732 1424; x_wconf 88' lang='lat' dir='ltr'><strong>tempore</strong></span> <span class='ocrx_word' id='word_1_59' title='bbox 749 1359 866 1403; x_wconf 88' lang='lat' dir='ltr'><strong>rursus</strong></span> <span class='ocrx_word' id='word_1_60' title='bbox 889 1343 932 1404; x_wconf 88' lang='lat' dir='ltr'><strong>de</strong></span> <span class='ocrx_word' id='word_1_61' title='bbox 956 1340 1202 1422; x_wconf 87' lang='lat' dir='ltr'><strong>East-Anglia,</strong></span> <span class='ocrx_word' id='word_1_62' title='bbox 1220 1341 1322 1406; x_wconf 87' lang='lat' dir='ltr'><strong>East-</strong></span> 
     </span>
     <span class='ocr_line' id='line_1_11' title="bbox 373 1439 1323 1523; baseline -0.001 -17"><span class='ocrx_word' id='word_1_63' title='bbox 373 1443 539 1520; x_wconf 86' lang='lat' dir='ltr'><strong>Saxonia‚</strong></span> <span class='ocrx_word' id='word_1_64' title='bbox 556 1441 648 1506; x_wconf 89' lang='lat' dir='ltr'><strong>etde</strong></span> <span class='ocrx_word' id='word_1_65' title='bbox 666 1441 799 1505; x_wconf 88' lang='lat' dir='ltr'><strong>Mercia</strong></span> <span class='ocrx_word' id='word_1_66' title='bbox 820 1439 955 1522; x_wconf 89' lang='lat' dir='ltr'><strong>Pagani</strong></span> <span class='ocrx_word' id='word_1_67' title='bbox 977 1441 1186 1523; x_wconf 87' lang='lat' dir='ltr'><strong>conglobati,</strong></span> <span class='ocrx_word' id='word_1_68' title='bbox 1204 1443 1323 1505; x_wconf 90' lang='lat' dir='ltr'><strong>urbem</strong></span> 
     </span>
     <span class='ocr_line' id='line_1_12' title="bbox 373 1540 1322 1626; baseline 0 -21"><span class='ocrx_word' id='word_1_69' title='bbox 373 1562 451 1626; x_wconf 85' lang='lat' dir='ltr'><strong>quae</strong></span> <span class='ocrx_word' id='word_1_70' title='bbox 467 1540 739 1624; x_wconf 89' lang='lat' dir='ltr'><strong>Wigingamerel</strong></span> <span class='ocrx_word' id='word_1_71' title='bbox 764 1540 900 1618; x_wconf 91' lang='lat' dir='ltr'><strong>dicitur,</strong></span> <span class='ocrx_word' id='word_1_72' title='bbox 916 1541 1056 1619; x_wconf 90' lang='lat' dir='ltr'><strong>adeunt,</strong></span> <span class='ocrx_word' id='word_1_73' title='bbox 1072 1547 1108 1605; x_wconf 87' lang='lat' dir='ltr'><strong>et</strong></span> <span class='ocrx_word' id='word_1_74' title='bbox 1130 1562 1191 1624; x_wconf 90' lang='lat' dir='ltr'><strong>per</strong></span> <span class='ocrx_word' id='word_1_75' title='bbox 1213 1549 1322 1606; x_wconf 90' lang='lat' dir='ltr'><strong>totum</strong></span> 
     </span>
     <span class='ocr_line' id='line_1_13' title="bbox 371 1641 1323 1724; baseline 0.001 -19"><span class='ocrx_word' id='word_1_76' title='bbox 371 1642 443 1706; x_wconf 86' lang='lat' dir='ltr'><strong>fere</strong></span> <span class='ocrx_word' id='word_1_77' title='bbox 457 1642 546 1706; x_wconf 90' lang='lat' dir='ltr'><strong>diem</strong></span> <span class='ocrx_word' id='word_1_78' title='bbox 563 1643 767 1724; x_wconf 84' lang='lat' dir='ltr'><strong>impugnare</strong></span> <span class='ocrx_word' id='word_1_79' title='bbox 790 1660 859 1704; x_wconf 93' lang='lat' dir='ltr'><strong>non</strong></span> <span class='ocrx_word' id='word_1_80' title='bbox 875 1641 1055 1721; x_wconf 84' lang='lat' dir='ltr'><strong>desinunt3</strong></span> <span class='ocrx_word' id='word_1_81' title='bbox 1079 1641 1139 1706; x_wconf 90' lang='lat' dir='ltr'><strong>sed</strong></span> <span class='ocrx_word' id='word_1_82' title='bbox 1155 1642 1215 1723; x_wconf 92' lang='lat' dir='ltr'><strong>qui</strong></span> <span class='ocrx_word' id='word_1_83' title='bbox 1230 1643 1323 1706; x_wconf 91' lang='lat' dir='ltr'><strong>intus</strong></span> 
     </span>
     <span class='ocr_line' id='line_1_14' title="bbox 371 1740 1322 1825; baseline -0.003 -18"><span class='ocrx_word' id='word_1_84' title='bbox 371 1749 472 1807; x_wconf 85' lang='lat' dir='ltr'><strong>eraut</strong></span> <span class='ocrx_word' id='word_1_85' title='bbox 492 1743 638 1807; x_wconf 89' lang='lat' dir='ltr'><strong>viriliter</strong></span> <span class='ocrx_word' id='word_1_86' title='bbox 663 1742 759 1805; x_wconf 90' lang='lat' dir='ltr'><strong>illam</strong></span> <span class='ocrx_word' id='word_1_87' title='bbox 784 1740 1025 1820; x_wconf 80' lang='lat' dir='ltr'><strong>defendebant,</strong></span> <span class='ocrx_word' id='word_1_88' title='bbox 1049 1743 1234 1825; x_wconf 86' lang='lat' dir='ltr'><strong>hostesque</strong></span> <span class='ocrx_word' id='word_1_89' title='bbox 1250 1743 1322 1807; x_wconf 88' lang='lat' dir='ltr'><strong>abi·</strong></span> 
     </span>
     <span class='ocr_line' id='line_1_15' title="bbox 374 1841 1321 1926; baseline 0 -20"><span class='ocrx_word' id='word_1_90' title='bbox 374 1845 522 1924; x_wconf 88' lang='lat' dir='ltr'><strong>gebant:</strong></span> <span class='ocrx_word' id='word_1_91' title='bbox 548 1843 607 1924; x_wconf 93' lang='lat' dir='ltr'><strong>qui</strong></span> <span class='ocrx_word' id='word_1_92' title='bbox 635 1841 847 1919; x_wconf 87' lang='lat' dir='ltr'><strong>recedentes,</strong></span> <span class='ocrx_word' id='word_1_93' title='bbox 873 1843 1060 1906; x_wconf 86' lang='lat' dir='ltr'><strong>maximam</strong></span> <span class='ocrx_word' id='word_1_94' title='bbox 1090 1862 1207 1906; x_wconf 89' lang='lat' dir='ltr'><strong>secum</strong></span> <span class='ocrx_word' id='word_1_95' title='bbox 1233 1863 1321 1926; x_wconf 90' lang='lat' dir='ltr'><strong>prae-</strong></span> 
     </span>
     <span class='ocr_line' id='line_1_16' title="bbox 209 1942 1323 2031; baseline 0.002 -26"><span class='ocrx_word' id='word_1_96' title='bbox 209 1982 335 2031; x_wconf 50' lang='lat' dir='ltr'><strong>mmm,</strong></span> <span class='ocrx_word' id='word_1_97' title='bbox 373 1942 453 2007; x_wconf 93' lang='lat' dir='ltr'><strong>dam</strong></span> <span class='ocrx_word' id='word_1_98' title='bbox 468 1943 647 2007; x_wconf 91' lang='lat' dir='ltr'><strong>reducunt.</strong></span> <span class='ocrx_word' id='word_1_99' title='bbox 700 1942 788 2006; x_wconf 91' lang='lat' dir='ltr'><strong>Post</strong></span> <span class='ocrx_word' id='word_1_100' title='bbox 806 1942 891 2019; x_wconf 89' lang='lat' dir='ltr'><strong>haec,</strong></span> <span class='ocrx_word' id='word_1_101' title='bbox 908 1943 985 2024; x_wconf 90' lang='lat' dir='ltr'><strong>ipso</strong></span> <span class='ocrx_word' id='word_1_102' title='bbox 1008 1944 1140 2007; x_wconf 84' lang='lat' dir='ltr'><strong>aestatis</strong></span> <span class='ocrx_word' id='word_1_103' title='bbox 1158 1951 1323 2026; x_wconf 90' lang='lat' dir='ltr'><strong>ternpore,</strong></span> 
     </span>
     <span class='ocr_line' id='line_1_17' title="bbox 210 2033 1321 2126; baseline 0.001 -20"><span class='ocrx_word' id='word_1_104' title='bbox 210 2033 338 2124; x_wconf 50' lang='lat' dir='ltr'><strong>iim„</strong></span> <span class='ocrx_word' id='word_1_105' title='bbox 373 2043 416 2106; x_wconf 89' lang='lat' dir='ltr'><strong>de</strong></span> <span class='ocrx_word' id='word_1_106' title='bbox 443 2044 610 2126; x_wconf 83' lang='lat' dir='ltr'><strong>proximis</strong></span> <span class='ocrx_word' id='word_1_107' title='bbox 636 2043 835 2108; x_wconf 87' lang='lat' dir='ltr'><strong>civitatibus</strong></span> <span class='ocrx_word' id='word_1_108' title='bbox 859 2049 894 2106; x_wconf 90' lang='lat' dir='ltr'><strong>et</strong></span> <span class='ocrx_word' id='word_1_109' title='bbox 923 2043 1131 2124; x_wconf 72' lang='lat' dir='ltr'><strong>regionibus</strong></span> <span class='ocrx_word' id='word_1_110' title='bbox 1156 2062 1233 2124; x_wconf 87' lang='lat' dir='ltr'><strong>quae</strong></span> <span class='ocrx_word' id='word_1_111' title='bbox 1256 2046 1321 2109; x_wconf 90' lang='lat' dir='ltr'><strong>sub</strong></span> 
     </span>
     <span class='ocr_line' id='line_1_18' title="bbox 372 2142 1322 2226; baseline 0 -19"><span class='ocrx_word' id='word_1_112' title='bbox 372 2151 546 2226; x_wconf 86' lang='lat' dir='ltr'><strong>potestate</strong></span> <span class='ocrx_word' id='word_1_113' title='bbox 567 2144 659 2224; x_wconf 88' lang='lat' dir='ltr'><strong>regis</strong></span> <span class='ocrx_word' id='word_1_114' title='bbox 688 2142 872 2207; x_wconf 89' lang='lat' dir='ltr'><strong>Eadwardi</strong></span> <span class='ocrx_word' id='word_1_115' title='bbox 897 2149 1007 2219; x_wconf 92' lang='lat' dir='ltr'><strong>erant,</strong></span> <span class='ocrx_word' id='word_1_116' title='bbox 1023 2143 1151 2207; x_wconf 91' lang='lat' dir='ltr'><strong>multus</strong></span> <span class='ocrx_word' id='word_1_117' title='bbox 1173 2144 1322 2226; x_wconf 89' lang='lat' dir='ltr'><strong>populus</strong></span> 
     </span>
     <span class='ocr_line' id='line_1_19' title="bbox 373 2241 1322 2327; baseline 0.001 -21"><span class='ocrx_word' id='word_1_118' title='bbox 373 2245 598 2327; x_wconf 90' lang='lat' dir='ltr'><strong>undecunque</strong></span> <span class='ocrx_word' id='word_1_119' title='bbox 636 2243 813 2320; x_wconf 89' lang='lat' dir='ltr'><strong>collectus,</strong></span> <span class='ocrx_word' id='word_1_120' title='bbox 846 2241 1125 2307; x_wconf 84' lang='lat' dir='ltr'><strong>Temesefordam</strong></span> <span class='ocrx_word' id='word_1_121' title='bbox 1161 2252 1322 2326; x_wconf 86' lang='lat' dir='ltr'><strong>pergunt,</strong></span> 
     </span>
     <span class='ocr_line' id='line_1_20' title="bbox 373 2342 1321 2426; baseline 0 -18"><span class='ocrx_word' id='word_1_122' title='bbox 373 2364 517 2426; x_wconf 90' lang='lat' dir='ltr'><strong>eamque</strong></span> <span class='ocrx_word' id='word_1_123' title='bbox 556 2342 725 2420; x_wconf 88' lang='lat' dir='ltr'><strong>obsident,</strong></span> <span class='ocrx_word' id='word_1_124' title='bbox 764 2344 980 2426; x_wconf 83' lang='lat' dir='ltr'><strong>impugnant,</strong></span> <span class='ocrx_word' id='word_1_125' title='bbox 1019 2351 1231 2426; x_wconf 88' lang='lat' dir='ltr'><strong>expugnant,</strong></span> <span class='ocrx_word' id='word_1_126' title='bbox 1270 2345 1321 2408; x_wconf 93' lang='lat' dir='ltr'><strong>in-</strong></span> 
     </span>
     <span class='ocr_line' id='line_1_21' title="bbox 372 2442 1324 2525; baseline 0 -18"><span class='ocrx_word' id='word_1_127' title='bbox 372 2445 531 2520; x_wconf 92' lang='lat' dir='ltr'><strong>cendunt,</strong></span> <span class='ocrx_word' id='word_1_128' title='bbox 558 2444 710 2520; x_wconf 90' lang='lat' dir='ltr'><strong>diruunt,</strong></span> <span class='ocrx_word' id='word_1_129' title='bbox 733 2462 917 2525; x_wconf 86' lang='lat' dir='ltr'><strong>regemque</strong></span> <span class='ocrx_word' id='word_1_130' title='bbox 939 2442 1160 2524; x_wconf 88' lang='lat' dir='ltr'><strong>Paganorum</strong></span> <span class='ocrx_word' id='word_1_131' title='bbox 1185 2445 1324 2508; x_wconf 90' lang='lat' dir='ltr'><strong>ducem·</strong></span> 
     </span>
     <span class='ocr_line' id='line_1_22' title="bbox 373 2542 1345 2626; baseline 0.002 -20"><span class='ocrx_word' id='word_1_132' title='bbox 373 2564 440 2626; x_wconf 90' lang='lat' dir='ltr'><strong>que</strong></span> <span class='ocrx_word' id='word_1_133' title='bbox 455 2543 607 2624; x_wconf 87' lang='lat' dir='ltr'><strong>Togleas</strong></span> <span class='ocrx_word' id='word_1_134' title='bbox 630 2563 707 2607; x_wconf 90' lang='lat' dir='ltr'><strong>oum</strong></span> <span class='ocrx_word' id='word_1_135' title='bbox 732 2542 803 2606; x_wconf 90' lang='lat' dir='ltr'><strong>filio</strong></span> <span class='ocrx_word' id='word_1_136' title='bbox 830 2561 905 2620; x_wconf 90' lang='lat' dir='ltr'><strong>suo,</strong></span> <span class='ocrx_word' id='word_1_137' title='bbox 923 2544 1047 2607; x_wconf 89' lang='lat' dir='ltr'><strong>comite</strong></span> <span class='ocrx_word' id='word_1_138' title='bbox 1068 2545 1199 2608; x_wconf 88' lang='lat' dir='ltr'><strong>scilicet</strong></span> <span class='ocrx_word' id='word_1_139' title='bbox 1219 2545 1345 2621; x_wconf 37' lang='lat' dir='ltr'><strong>Man-¹</strong></span> 
     </span>
     <span class='ocr_line' id='line_1_23' title="bbox 374 2642 1322 2726; baseline 0.001 -19"><span class='ocrx_word' id='word_1_140' title='bbox 374 2663 477 2720; x_wconf 92' lang='lat' dir='ltr'><strong>nano,</strong></span> <span class='ocrx_word' id='word_1_141' title='bbox 491 2643 631 2707; x_wconf 85' lang='lat' dir='ltr'><strong>fratrem</strong></span> <span class='ocrx_word' id='word_1_142' title='bbox 655 2661 792 2724; x_wconf 87' lang='lat' dir='ltr'><strong>quoque</strong></span> <span class='ocrx_word' id='word_1_143' title='bbox 821 2642 925 2720; x_wconf 88' lang='lat' dir='ltr'><strong>illius,</strong></span> <span class='ocrx_word' id='word_1_144' title='bbox 943 2663 1129 2726; x_wconf 90' lang='lat' dir='ltr'><strong>omnesque</strong></span> <span class='ocrx_word' id='word_1_145' title='bbox 1152 2664 1189 2708; x_wconf 88' lang='lat' dir='ltr'><strong>se</strong></span> <span class='ocrx_word' id='word_1_146' title='bbox 1208 2645 1322 2708; x_wconf 89' lang='lat' dir='ltr'><strong>defen·</strong></span> 
     </span>
     <span class='ocr_line' id='line_1_24' title="bbox 374 2743 1323 2827; baseline 0.003 -21"><span class='ocrx_word' id='word_1_147' title='bbox 374 2743 455 2808; x_wconf 89' lang='lat' dir='ltr'><strong>dere</strong></span> <span class='ocrx_word' id='word_1_148' title='bbox 486 2744 641 2808; x_wconf 87' lang='lat' dir='ltr'><strong>volentes</strong></span> <span class='ocrx_word' id='word_1_149' title='bbox 672 2743 896 2820; x_wconf 85' lang='lat' dir='ltr'><strong>interficiunt,</strong></span> <span class='ocrx_word' id='word_1_150' title='bbox 925 2744 1255 2827; x_wconf 40' lang='lat' dir='ltr'><strong>reliquos&#39;eapiunt</strong></span> <span class='ocrx_word' id='word_1_151' title='bbox 1287 2754 1323 2810; x_wconf 89' lang='lat' dir='ltr'><strong>et</strong></span> 
     </span>
     <span class='ocr_line' id='line_1_25' title="bbox 375 2841 1321 2926; baseline 0.001 -19"><span class='ocrx_word' id='word_1_152' title='bbox 375 2863 521 2926; x_wconf 87' lang='lat' dir='ltr'><strong>quaeque</strong></span> <span class='ocrx_word' id='word_1_153' title='bbox 557 2844 733 2926; x_wconf 87' lang='lat' dir='ltr'><strong>reperiunt</strong></span> <span class='ocrx_word' id='word_1_154' title='bbox 762 2841 914 2908; x_wconf 61' lang='lat' dir='ltr'><strong>tollunt?</strong></span> <span class='ocrx_word' id='word_1_155' title='bbox 975 2843 1111 2908; x_wconf 85' lang='lat' dir='ltr'><strong>Exinde</strong></span> <span class='ocrx_word' id='word_1_156' title='bbox 1144 2845 1321 2908; x_wconf 84' lang='lat' dir='ltr'><strong>Danornm</strong></span> 
     </span>
     <span class='ocr_line' id='line_1_26' title="bbox 372 2941 1323 3026; baseline 0.002 -20"><span class='ocrx_word' id='word_1_157' title='bbox 372 2944 464 3007; x_wconf 87' lang='lat' dir='ltr'><strong>vires</strong></span> <span class='ocrx_word' id='word_1_158' title='bbox 486 2944 654 3026; x_wconf 88' lang='lat' dir='ltr'><strong>paulatim</strong></span> <span class='ocrx_word' id='word_1_159' title='bbox 680 2944 933 3020; x_wconf 84' lang='lat' dir='ltr'><strong>decrescebant,</strong></span> <span class='ocrx_word' id='word_1_160' title='bbox 959 2941 1153 3024; x_wconf 84' lang='lat' dir='ltr'><strong>Anglorum</strong></span> <span class='ocrx_word' id='word_1_161' title='bbox 1167 2964 1250 3009; x_wconf 88' lang='lat' dir='ltr'><strong>vero</strong></span> <span class='ocrx_word' id='word_1_162' title='bbox 1270 2945 1323 3008; x_wconf 91' lang='lat' dir='ltr'><strong>in·</strong></span> 
     </span>
     <span class='ocr_line' id='line_1_27' title="bbox 212 3043 1324 3126; baseline 0.004 -20"><span class='ocrx_word' id='word_1_163' title='bbox 212 3082 333 3123; x_wconf 35' lang='grc' dir='ltr'><strong>Μῶα</strong></span> <span class='ocrx_word' id='word_1_164' title='bbox 374 3043 446 3107; x_wconf 91' lang='lat' dir='ltr'><strong>dies</strong></span> <span class='ocrx_word' id='word_1_165' title='bbox 471 3045 681 3107; x_wconf 89' lang='lat' dir='ltr'><strong>crescebant.</strong></span> <span class='ocrx_word' id='word_1_166' title='bbox 733 3044 927 3126; x_wconf 86' lang='lat' dir='ltr'><strong>AEgelfleda</strong></span> <span class='ocrx_word' id='word_1_167' title='bbox 949 3043 1160 3108; x_wconf 86' lang='lat' dir='ltr'><strong>Merciorum</strong></span> <span class='ocrx_word' id='word_1_168' title='bbox 1184 3045 1324 3110; x_wconf 84' lang='lat' dir='ltr'><strong>domina</strong></span> 
     </span>
     <span class='ocr_line' id='line_1_28' title="bbox 212 3135 1323 3229; baseline 0.003 -22"><span class='ocrx_word' id='word_1_169' title='bbox 212 3135 274 3173; x_wconf 54' lang='lat' dir='ltr'><strong>“k‘&#39;</strong></span> <span class='ocrx_word' id='word_1_170' title='bbox 284 3135 360 3192; x_wconf 57' lang='lat' dir='ltr'><strong>mi·</strong></span> <span class='ocrx_word' id='word_1_171' title='bbox 374 3153 454 3208; x_wconf 89' lang='lat' dir='ltr'><strong>ante</strong></span> <span class='ocrx_word' id='word_1_172' title='bbox 469 3143 540 3208; x_wconf 85' lang='lat' dir='ltr'><strong>kal.</strong></span> <span class='ocrx_word' id='word_1_173' title='bbox 559 3142 712 3225; x_wconf 84' lang='lat' dir='ltr'><strong>Augusti</strong></span> <span class='ocrx_word' id='word_1_174' title='bbox 729 3142 765 3229; x_wconf 86' lang='lat' dir='ltr'><strong>[l</strong></span> <span class='ocrx_word' id='word_1_175' title='bbox 777 3142 886 3229; x_wconf 80' lang='lat' dir='ltr'><strong>Aug]</strong></span> <span class='ocrx_word' id='word_1_176' title='bbox 907 3144 1091 3208; x_wconf 89' lang='lat' dir='ltr'><strong>Dorbeiam</strong></span> <span class='ocrx_word' id='word_1_177' title='bbox 1105 3144 1323 3226; x_wconf 87' lang='lat' dir='ltr'><strong>infringendo</strong></span> 
     </span>
     <span class='ocr_line' id='line_1_29' title="bbox 373 3245 1324 3329; baseline 0.002 -21"><span class='ocrx_word' id='word_1_178' title='bbox 373 3245 601 3327; x_wconf 86' lang='lat' dir='ltr'><strong>expugnavit,</strong></span> <span class='ocrx_word' id='word_1_179' title='bbox 613 3245 791 3327; x_wconf 90' lang='lat' dir='ltr'><strong>ipsamque</strong></span> <span class='ocrx_word' id='word_1_180' title='bbox 806 3245 1018 3326; x_wconf 89' lang='lat' dir='ltr'><strong>provinciam</strong></span> <span class='ocrx_word' id='word_1_181' title='bbox 1030 3245 1178 3309; x_wconf 92' lang='lat' dir='ltr'><strong>obtinuit</strong></span> <span class='ocrx_word' id='word_1_182' title='bbox 1191 3271 1199 3319; x_wconf 91' lang='lat'>;</span> <span class='ocrx_word' id='word_1_183' title='bbox 1225 3245 1324 3329; x_wconf 88' lang='lat' dir='ltr'><strong>cujus</strong></span> 
     </span>
     <span class='ocr_line' id='line_1_30' title="bbox 374 3345 1324 3427; baseline 0.002 -21"><span class='ocrx_word' id='word_1_184' title='bbox 374 3345 520 3409; x_wconf 89' lang='lat' dir='ltr'><strong>ministri</strong></span> <span class='ocrx_word' id='word_1_185' title='bbox 551 3352 700 3427; x_wconf 92' lang='lat' dir='ltr'><strong>quatuor</strong></span> <span class='ocrx_word' id='word_1_186' title='bbox 731 3345 773 3407; x_wconf 88' lang='lat' dir='ltr'><strong>de</strong></span> <span class='ocrx_word' id='word_1_187' title='bbox 802 3345 1004 3421; x_wconf 78' lang='lat' dir='ltr'><strong>carioribuS,</strong></span> <span class='ocrx_word' id='word_1_188' title='bbox 1031 3345 1066 3407; x_wconf 91' lang='lat' dir='ltr'><strong>in</strong></span> <span class='ocrx_word' id='word_1_189' title='bbox 1097 3354 1199 3426; x_wconf 90' lang='lat' dir='ltr'><strong>porta</strong></span> <span class='ocrx_word' id='word_1_190' title='bbox 1230 3346 1324 3409; x_wconf 91' lang='lat' dir='ltr'><strong>urbis</strong></span> 
     </span>
     <span class='ocr_line' id='line_1_31' title="bbox 211 3442 1325 3527; baseline 0.002 -19"><span class='ocrx_word' id='word_1_191' title='bbox 211 3483 333 3524; x_wconf 52' lang='lat' dir='ltr'><strong>,mmm</strong></span> <span class='ocrx_word' id='word_1_192' title='bbox 374 3445 509 3509; x_wconf 86' lang='lat' dir='ltr'><strong>sortiter</strong></span> <span class='ocrx_word' id='word_1_193' title='bbox 523 3451 729 3527; x_wconf 87' lang='lat' dir='ltr'><strong>pugnantes,</strong></span> <span class='ocrx_word' id='word_1_194' title='bbox 747 3445 850 3508; x_wconf 90' lang='lat' dir='ltr'><strong>occisi</strong></span> <span class='ocrx_word' id='word_1_195' title='bbox 869 3442 976 3509; x_wconf 80' lang='lat' dir='ltr'><strong>sunt.³</strong></span> <span class='ocrx_word' id='word_1_196' title='bbox 1026 3442 1229 3508; x_wconf 88' lang='lat' dir='ltr'><strong>Autumnali</strong></span> <span class='ocrx_word' id='word_1_197' title='bbox 1244 3453 1325 3527; x_wconf 88' lang='lat' dir='ltr'><strong>post</strong></span> 
     </span>
     <span class='ocr_line' id='line_1_32' title="bbox 212 3535 1324 3626; baseline 0.003 -19"><span class='ocrx_word' id='word_1_198' title='bbox 212 3535 285 3573; x_wconf 51' lang='grc' dir='ltr'><strong>Μ·</strong></span> <span class='ocrx_word' id='word_1_199' title='bbox 374 3545 448 3609; x_wconf 85' lang='lat' dir='ltr'><strong>haec</strong></span> <span class='ocrx_word' id='word_1_200' title='bbox 463 3553 627 3626; x_wconf 88' lang='lat' dir='ltr'><strong>tempore,</strong></span> <span class='ocrx_word' id='word_1_201' title='bbox 639 3544 682 3608; x_wconf 89' lang='lat' dir='ltr'><strong>de</strong></span> <span class='ocrx_word' id='word_1_202' title='bbox 695 3544 828 3619; x_wconf 83' lang='lat' dir='ltr'><strong>Cantia,</strong></span> <span class='ocrx_word' id='word_1_203' title='bbox 841 3544 1039 3624; x_wconf 89' lang='lat' dir='ltr'><strong>Suthregia,</strong></span> <span class='ocrx_word' id='word_1_204' title='bbox 1050 3544 1324 3622; x_wconf 63' lang='lat' dir='ltr'><strong>‘East-Saxonia,</strong></span> 
     </span>
     <span class='ocr_line' id='line_1_33' title="bbox 374 3644 1324 3727; baseline 0.001 -19"><span class='ocrx_word' id='word_1_205' title='bbox 374 3651 409 3708; x_wconf 91' lang='lat' dir='ltr'><strong>et</strong></span> <span class='ocrx_word' id='word_1_206' title='bbox 438 3645 481 3709; x_wconf 89' lang='lat' dir='ltr'><strong>de</strong></span> <span class='ocrx_word' id='word_1_207' title='bbox 513 3646 656 3708; x_wconf 89' lang='lat' dir='ltr'><strong>urbibus</strong></span> <span class='ocrx_word' id='word_1_208' title='bbox 689 3645 955 3727; x_wconf 90' lang='lat' dir='ltr'><strong>regionibusque</strong></span> <span class='ocrx_word' id='word_1_209' title='bbox 986 3645 1020 3708; x_wconf 93' lang='lat' dir='ltr'><strong>in</strong></span> <span class='ocrx_word' id='word_1_210' title='bbox 1047 3644 1161 3708; x_wconf 87' lang='lat' dir='ltr'><strong>vicino</strong></span> <span class='ocrx_word' id='word_1_211' title='bbox 1190 3645 1324 3727; x_wconf 87' lang='lat' dir='ltr'><strong>positis,</strong></span> 
     </span>
     <span class='ocr_line' id='line_1_34' title="bbox 374 3745 1324 3828; baseline 0.003 -20"><span class='ocrx_word' id='word_1_212' title='bbox 374 3764 443 3808; x_wconf 92' lang='lat' dir='ltr'><strong>non</strong></span> <span class='ocrx_word' id='word_1_213' title='bbox 458 3765 566 3828; x_wconf 83' lang='lat' dir='ltr'><strong>parva</strong></span> <span class='ocrx_word' id='word_1_214' title='bbox 588 3745 771 3808; x_wconf 86' lang='lat' dir='ltr'><strong>multitudo</strong></span> <span class='ocrx_word' id='word_1_215' title='bbox 793 3745 913 3826; x_wconf 90' lang='lat' dir='ltr'><strong>populi</strong></span> <span class='ocrx_word' id='word_1_216' title='bbox 929 3746 964 3807; x_wconf 93' lang='lat' dir='ltr'><strong>in</strong></span> <span class='ocrx_word' id='word_1_217' title='bbox 981 3765 1083 3808; x_wconf 90' lang='lat' dir='ltr'><strong>unam</strong></span> <span class='ocrx_word' id='word_1_218' title='bbox 1100 3753 1324 3826; x_wconf 85' lang='lat' dir='ltr'><strong>congregata,</strong></span> 
     </span>
     <span class='ocr_line' id='line_1_35' title="bbox 373 3843 1324 3926; baseline 0.002 -19"><span class='ocrx_word' id='word_1_219' title='bbox 373 3846 582 3909; x_wconf 89' lang='lat' dir='ltr'><strong>unanimiter</strong></span> <span class='ocrx_word' id='word_1_220' title='bbox 614 3843 868 3908; x_wconf 86' lang='lat' dir='ltr'><strong>Coloceastram</strong></span> <span class='ocrx_word' id='word_1_221' title='bbox 895 3844 992 3920; x_wconf 91' lang='lat' dir='ltr'><strong>adiit,</strong></span> <span class='ocrx_word' id='word_1_222' title='bbox 1008 3864 1112 3926; x_wconf 93' lang='lat' dir='ltr'><strong>quam</strong></span> <span class='ocrx_word' id='word_1_223' title='bbox 1147 3845 1324 3910; x_wconf 89' lang='lat' dir='ltr'><strong>obsidione</strong></span> 
     </span>
    </p>
   </div>
   <div class='ocr_carea' id='block_1_3' title="bbox 370 4045 1196 4252">
    <p class='ocr_par' dir='ltr' id='par_1_3' title="bbox 370 4045 1196 4252">
     <span class='ocr_line' id='line_1_36' title="bbox 409 4045 1196 4118; baseline 0.005 -20"><span class='ocrx_word' id='word_1_224' title='bbox 409 4052 415 4081; x_wconf 87' lang='lat'><strong>¹</strong></span> <span class='ocrx_word' id='word_1_225' title='bbox 437 4045 642 4118; x_wconf 72' lang='lat' dir='ltr'><strong>Wigingumna]</strong></span> <span class='ocrx_word' id='word_1_226' title='bbox 660 4051 793 4112; x_wconf 89' lang='lat' dir='ltr'><strong>Supposed</strong></span> <span class='ocrx_word' id='word_1_227' title='bbox 809 4055 835 4098; x_wconf 94' lang='lat' dir='ltr'><strong>to</strong></span> <span class='ocrx_word' id='word_1_228' title='bbox 896 4047 906 4076; x_wconf 74' lang='lat'>²</span> <span class='ocrx_word' id='word_1_229' title='bbox 922 4051 984 4101; x_wconf 87' lang='lat' dir='ltr'><strong>Sax.</strong></span> <span class='ocrx_word' id='word_1_230' title='bbox 996 4052 1089 4102; x_wconf 88' lang='lat' dir='ltr'><strong>Chron.</strong></span> <span class='ocrx_word' id='word_1_231' title='bbox 1102 4067 1125 4104; x_wconf 81' lang='lat' dir='ltr'><strong>a.</strong></span> <span class='ocrx_word' id='word_1_232' title='bbox 1138 4057 1196 4103; x_wconf 81' lang='lat'><strong>921.</strong></span> 
     </span>
     <span class='ocr_line' id='line_1_37' title="bbox 370 4120 834 4183; baseline 0 -15"><span class='ocrx_word' id='word_1_233' title='bbox 370 4121 401 4169; x_wconf 88' lang='lat' dir='ltr'><strong>be</strong></span> <span class='ocrx_word' id='word_1_234' title='bbox 413 4121 547 4181; x_wconf 75' lang='lat' dir='ltr'><strong>Waymere</strong></span> <span class='ocrx_word' id='word_1_235' title='bbox 564 4120 659 4183; x_wconf 78' lang='lat' dir='ltr'><strong>Castis,</strong></span> <span class='ocrx_word' id='word_1_236' title='bbox 677 4135 708 4169; x_wconf 90' lang='lat' dir='ltr'><strong>on</strong></span> <span class='ocrx_word' id='word_1_237' title='bbox 727 4134 743 4168; x_wconf 81' lang='lat' dir='ltr'><strong>a</strong></span> <span class='ocrx_word' id='word_1_238' title='bbox 761 4121 834 4169; x_wconf 86' lang='lat' dir='ltr'><strong>small</strong></span> 
     </span>
     <span class='ocr_line' id='line_1_38' title="bbox 370 4188 1191 4252; baseline 0.006 -15"><span class='ocrx_word' id='word_1_239' title='bbox 370 4191 453 4238; x_wconf 82' lang='lat' dir='ltr'><strong>island</strong></span> <span class='ocrx_word' id='word_1_240' title='bbox 464 4205 524 4239; x_wconf 89' lang='lat' dir='ltr'><strong>near</strong></span> <span class='ocrx_word' id='word_1_241' title='bbox 536 4190 655 4252; x_wconf 88' lang='lat' dir='ltr'><strong>Bishop’s</strong></span> <span class='ocrx_word' id='word_1_242' title='bbox 667 4191 797 4240; x_wconf 81' lang='lat' dir='ltr'><strong>Stortiord.</strong></span> <span class='ocrx_word' id='word_1_243' title='bbox 896 4188 905 4218; x_wconf 82' lang='lat'><strong>³</strong></span> <span class='ocrx_word' id='word_1_244' title='bbox 922 4191 983 4241; x_wconf 84' lang='lat' dir='ltr'><strong>Sax.</strong></span> <span class='ocrx_word' id='word_1_245' title='bbox 995 4191 1089 4243; x_wconf 81' lang='lat' dir='ltr'><strong>Chron.</strong></span> <span class='ocrx_word' id='word_1_246' title='bbox 1101 4206 1124 4241; x_wconf 87' lang='lat' dir='ltr'><strong>a.</strong></span> <span class='ocrx_word' id='word_1_247' title='bbox 1134 4196 1191 4242; x_wconf 84' lang='grc'><strong>917.</strong></span> 
     </span>
    </p>
   </div>
   <div class='ocr_carea' id='block_1_4' title="bbox 0 0 1476 4860">
    <p class='ocr_par' dir='ltr' id='par_1_4' title="bbox 0 0 1476 4860">
     <span class='ocr_line' id='line_1_39' title="bbox 0 0 1476 4860; baseline 0 0"><span class='ocrx_word' id='word_1_248' title='bbox 0 0 1476 4860; x_wconf 95' lang='lat' dir='ltr'><strong> </strong></span> 
     </span>
    </p>
   </div>
  </div>
 </body>
</html>
