2940 4860
389 389 579 438 nnonnnrn
608 389 887 438 wroonnrnnsrs.
1046 375 1111 441 173

164 565 270 626 gnum
288 567 349 631 per
365 556 508 612 mortem
522 547 639 613 fratris
658 549 721 626 tui,
738 568 842 631 quem
860 549 986 613 occidit
1002 558 1113 615 mater

165 653 237 723 tua,
264 656 446 731 propterea
469 648 549 714 audi
576 650 715 713 verbum
744 649 905 713 Domini:
930 650 1004 713 baec
1029 649 1113 715 dicit

165 746 358 814 Dominus:
384 749 487 813 ‘Non
519 748 653 813 deficiet
679 749 815 831 gladius
841 750 1010 813 dedomo
1039 757 1115 828 tna,—

166 848 313 912 saeviens
343 849 377 911 in
401 855 436 913 te
461 849 619 913 omnibus
646 849 872 912 diebusvitae
900 857 982 926 tuae,
1007 850 1114 914 inter-

166 946 283 1012 ficiens
310 948 353 1012 de
385 950 513 1037 semine
539 956 614 1026 tuo,
640 968 819 1032 quousque
846 968 991 1031 regnum
1017 957 1114 1016 tuum

167 1048 394 1112 transferatur
421 1050 457 1112 in
482 1069 627 1130 regnum
655 1049 803 1119 alienum
831 1049 929 1133 cujus
958 1050 1061 1113 ritum
1080 1057 1115 1117 et

167 1145 321 1228 linguam
351 1168 436 1230 gens
469 1149 525 1213 cui
556 1149 729 1232 praesides,
766 1168 834 1212 non
865 1149 986 1214 novit!
1038 1149 1114 1214 Nec

169 1247 366 1329 expiabitur
382 1249 449 1312 nisi
463 1248 569 1330 longa
585 1249 740 1313 vindicta
759 1256 937 1330 peceatum
955 1255 1064 1325 tuum,
1080 1259 1115 1315 et

167 1355 348 1428 peccatum
369 1350 490 1412 matris
514 1356 595 1425 tuae,
613 1355 649 1412 et
673 1355 852 1431 peccatum
876 1349 1040 1426 virorum,
1056 1350 1115 1431 qui

167 1447 351 1512 interfuere
372 1449 517 1512 consilio
539 1449 614 1532 ejus
636 1445 836 1530 nequam.''1
888 1447 1023 1530 Corpus
1053 1469 1116 1513 au-

168 1555 236 1611 tem
251 1548 344 1613 illius
359 1548 394 1612 in
410 1548 555 1612 ecclesia
577 1548 614 1612 S.
631 1547 735 1611 Pauli
750 1546 913 1630 Apostoli
928 1548 1114 1615 honorifice

169 1649 341 1730 sepultum
374 1656 438 1712 est.
503 1647 612 1732 Cujus
645 1655 725 1732 post
757 1655 912 1726 mortem,
950 1650 1112 1732 episcopi,
1127 1675 1275 1725 rnsnnnops,

169 1749 326 1825 abbates,
347 1748 465 1827 duces,
486 1755 522 1812 et
544 1749 671 1831 quique
700 1748 882 1812 nobiliores
904 1746 1056 1830 Angliae,
1079 1750 1113 1813 in
1126 1727 1259 1815 iiiiii'md

170 1867 274 1911 unum
299 1848 512 1930 congregati,
535 1849 611 1932 pari
633 1867 813 1926 consensu,
830 1848 866 1910 in
883 1849 1055 1911 dominnm
1080 1857 1116 1913 et
1127 1826 1279 1924 iiiiiissiii‘

169 1968 286 2030 regem
312 1948 379 2013 sibi
394 1948 566 2013 Canutum
588 1947 735 2030 elegere,
751 1955 786 2011 et
801 1947 846 2010 ad
861 1967 938 2011 eum
956 1948 990 2011 in
1009 1947 1114 2012 Suth·
1127 1926 1277 2026 bilbili?

171 2049 325 2114 amtonia
349 2050 538 2126 venientes,
565 2067 768 2130 omnemque
796 2049 994 2129 progeniem
1025 2049 1116 2130 regis
1128 2027 1243 2067 ΜΝ·

171 2149 346 2230 AEgelredi
365 2169 480 2213 coram
498 2148 558 2212 illo
580 2148 785 2230 abnegando
803 2147 1035 2230 repudiantes
1053 2168 1115 2230 pa..

170 2255 656 2331 cemeumeoeomposnere,et
665 2247 865 2312 fidelitatem
876 2247 927 2311 illi
935 2247 1116 2330 juravere3

170 2350 295 2431 quibus
315 2356 350 2412 et
371 2348 430 2413 ille
450 2348 585 2432 juravit
609 2348 712 2430 quod,
735 2355 771 2412 et
792 2347 979 2411 secundum
1001 2348 1117 2411 Deum

173 2456 207 2512 et
222 2449 409 2512 secundnm
425 2449 592 2525 seculum,
604 2447 715 2512 fidelis
732 2467 807 2511 esse
823 2447 928 2513 vellet
943 2440 991 2512 eis
1007 2448 1118 2515 domi«

171 2568 247 2613 nus.
300 2547 350 2613 At
365 2550 457 2613 cives
481 2548 752 2623 Lundonienses‚
776 2556 811 2612 et
832 2567 913 2631 pars
936 2548 1115 2626 nobilium,
1129 2573 1239 2614 nouos-

172 2649 231 2731 qui
246 2669 287 2713 eo
306 2637 459 2731 tempore
479 2650 713 2713 consistebant
735 2646 937 2725 Lundoniae,
954 2648 1120 2714 clitonem
1129 2623 1278 2714 iiiiiiim

173 2749 414 2813 Eadmundum
423 2749 576 2813 unanimi
588 2768 757 2813 consensu
766 2748 802 2811 in
814 2768 929 2829 regem
938 2749 1097 2815 levavere
1104 2770 1119 2830 3·
1129 2725 1190 2775 Μ’

173 2850 231 2932 qui
256 2849 333 2913 solii
359 2850 487 2929 regalis
514 2849 719 2913 sublimatus
743 2848 902 2926 eulmine,
925 2849 1118 2932 intrepidus

171 2949 477 3014 West-Saxoniam
516 2949 601 3013 adiit
638 2950 711 3013 sine
746 2949 977 3026 cunctatione,
1007 2957 1042 3013 et
1072 2952 1116 3014 ab

172 3051 265 3114 omni
284 3049 413 3133 populo
437 3069 565 3131 magna
585 3056 765 3131 susceptus
781 3049 1024 3130 gratulatione,
1042 3070 1117 3114 suae

172 3151 294 3215 ditioni
322 3149 461 3230 subegit
490 3169 566 3213 eam
595 3148 779 3212 citissime:
818 3149 943 3230 quibus
975 3149 1115 3225 auditis,

172 3251 273 3315 multi
292 3248 486 3332 Anglornm
508 3249 626 3332 populi
648 3267 775 3330 magna
798 3267 874 3310 cnm
897 3246 1116 3315 festinatione

173 3350 224 3414 illi
246 3371 284 3414 se
303 3350 472 3414 dederunt
487 3348 691 3414 voluntarie.
744 3347 899 3412 Canutus
925 3354 1041 3413 autem
1063 3348 1115 3411 in·
1129 3375 1186 3414 cnut

171 3451 272 3515 terim
309 3469 387 3514 cum
424 3455 500 3513 tota
536 3469 602 3513 sua
633 3448 744 3512 classe
780 3447 871 3513 circa
902 3447 1115 3529 Rogationes
1129 3425 1227 3515 iiiiii.

174 3547 211 3634 [7
227 3551 330 3632 Maii]
348 3549 564 3614 Lundoniam
575 3549 769 3613 devehitur:
786 3567 855 3631 quo
867 3568 945 3611 cum
953 3548 1116 3626 venisset,

173 3652 209 3714 in
241 3650 387 3714 australi
417 3656 516 3732 parte
552 3648 734 3713 'ramensis
771 3666 932 3730 magnam
961 3651 1116 3713 scrobem

172 3751 345 3826 foderunt,
365 3757 401 3813 et
424 3769 537 3814 naves.
550 3768 632 3812 suas
651 3749 687 3812 in
710 3748 957 3812 occidentalem
977 3749 1123 3831 plagam

172 3852 289 3934 pontis
308 3856 510 3929 traxerunt3
534 3849 612 3913 dein
630 3849 749 3912 urbem
773 3848 845 3913 alta
863 3848 1004 3930 lataque
1024 3848 1124 3935 fossa

172 3960 208 4016 et
237 3950 413 4015 obsidione
438 3950 626 4031 cingentes,
656 3949 850 4030 ingressum
880 3956 915 4012 et
941 3968 1117 4028 egressum

346 4171 362 4222 ¹,
373 4173 502 4236 Nequam]
531 4174 579 4243 See
591 4172 700 4222 Osberni
711 4173 772 4220 Vita
784 4172 810 4221 S.
822 4171 958 4223 Dunstnni.
