2940 4860
370 380 436 447 168
565 369 569 375 ’
694 394 947 444 unnomcon

207 576 327 620 onera·
372 563 441 620 tem
472 553 613 618 Domini
641 554 678 617 in
706 552 768 616 illa
796 551 994 616 celebravit.
1055 550 1136 631 Qua
1164 559 1317 634 peracta,

208 628 336 720 libili&
374 654 639 721 Nortmanniam
669 652 860 730 devehitur,
891 659 926 716 et
958 671 980 716 a
1012 650 1164 717 Ricardo
1193 652 1319 718 comite

209 729 295 830 idalii]
373 754 557 820 honorifice
584 754 780 837 suscipitur.
833 752 972 816 Interea
993 752 1130 833 Suanus
1151 759 1319 835 tyrannus

209 830 298 871 minuo
306 829 348 870 and
559 855 566 870 .
1049 854 1056 868 .
1187 853 1195 866 .

209 880 336 931 paraus
373 875 446 920 suae
466 855 568 920 classi
587 861 722 918 sumtus
744 852 924 917 affluenter
942 872 1071 935 pararr,
1094 860 1129 916 et
1153 853 1318 917 tributum

210 932 336 1024 libitu
372 957 443 1020 iere
479 953 696 1038 importabile
729 953 819 1017 solvi
849 954 1033 1036 praecepit:
1073 952 1229 1017 similiter
1258 972 1319 1034 per

210 1033 335 1124 ‘itii‘b'l
374 1056 488 1121 omnia
509 1074 623 1121 comes
643 1053 823 1119 Turkillus
844 1053 958 1130 classi,
974 1073 1053 1135 quae
1072 1052 1164 1136 apud
1188 1051 1318 1116 Grone-

210 1134 319 1175 ΠΜ·
373 1157 438 1221 wic
448 1155 602 1241 jacebat,
613 1155 702 1219 solvi
717 1152 906 1220 mandavit.
935 1154 982 1218 Et
994 1172 1097 1235 super
1109 1153 1319 1229 haecomnia,

374 1264 519 1341 uterque
537 1255 672 1320 illorum
695 1255 966 1338 quotiescunque
989 1254 1038 1318 eis
1055 1254 1215 1330 libuerat,
1230 1273 1319 1336 prae·

373 1357 436 1421 das
451 1363 607 1438 egerunt,
622 1362 656 1419 et
672 1354 782 1419 multa
795 1353 889 1417 mala
902 1350 1080 1430 fecerunt‚¹

226 1485 352 1526 aarum
425 1457 560 1521 Suanus
570 1463 749 1539 tyrannus,
760 1461 839 1536 post
849 1453 1111 1519 innumerabilia
1122 1460 1158 1517 et
1169 1453 1320 1517 crudelia

211 1551 354 1642 33¹3&
373 1557 477 1632 mala,
492 1575 571 1639 quae
585 1556 641 1619 vel
657 1556 693 1619 in
712 1554 842 1635 Anglia
857 1554 912 1618 vel
935 1556 972 1617 in
994 1554 1072 1618 aliis
1089 1554 1188 1618 terris
1204 1572 1319 1635 gesse·

211 1652 344 1742 ffiffl‘·
374 1663 441 1734 rat,
456 1656 501 1720 ad
515 1655 690 1720 cumulum
716 1674 789 1718 suae
805 1654 1044 1730 damnationis,
1060 1674 1105 1718 cx
1121 1653 1247 1737 oppido
1262 1654 1322 1717 ubi

211 1753 272 1802 cury.
374 1775 499 1840 corpus
529 1755 670 1839 pretiosi
691 1755 852 1838 martyris
870 1753 1063 1819 Eadmnndi
1086 1755 1321 1835 incorruptum

374 1857 570 1941 requiescit,
594 1855 687 1937 quod
712 1874 812 1919 nemo
838 1855 934 1938 prius
960 1855 1122 1918 audebat·
1137 1853 1250 1918 facere
1276 1873 1319 1917 cx

375 1977 444 2041 quo
473 1957 509 2020 id
539 1956 703 2039 oppidum
729 1955 847 2019 datum
871 1955 984 2019 fuerat
1006 1955 1185 2018 memorati
1209 1955 1322 2018 sancti

376 2057 542 2134 ecclesiae,
582 2057 712 2137 grando
743 2056 907 2120 tributum
943 2073 1049 2118 ausus
1078 2061 1132 2118 est
1160 2055 1320 2136 exigere:

377 2157 510 2240 quodsi
523 2157 592 2221 cito
607 2176 674 2221 non
687 2156 904 2239 penderetur,
919 2172 956 2218 se
970 2153 1194 2237 proculdubio
1209 2155 1321 2236 ipsum

376 2257 539 2341 oppidum
558 2277 636 2321 cum
657 2255 838 2339 oppidanis
853 2262 1093 2330 crematurum,
1111 2255 1219 2337 ipsius
1236 2275 1323 2318 mar·

377 2358 463 2441 tyris
483 2358 663 2422 ecclesiam
688 2355 843 2420 funditus
868 2373 1078 2431 eversurum,
1097 2355 1239 2419 clericos
1260 2374 1321 2420 va-

376 2458 435 2520 riis
461 2458 571 2521 modis
596 2458 839 2532 cruciaturum,
864 2456 1014 2519 minatus
1040 2462 1092 2519 est
1121 2455 1321 2537 saepissimc.

377 2557 524 2638 Insuper
538 2557 733 2639 frequenter
755 2556 823 2640 ipsi
844 2556 988 2639 martyri
1003 2555 1120 2619 multis
1141 2555 1251 2628 modis
1264 2555 1322 2620 de·

376 2656 523 2734 trabere,
539 2665 574 2722 et
593 2657 691 2721 illum
705 2656 754 2720 nil
768 2657 963 2720 sanctitatis
981 2655 1118 2734 habere,
1135 2655 1201 2719 fuit
1219 2675 1324 2720 ausus

377 2756 510 2822 dicere:
535 2764 573 2821 at
595 2757 676 2840 quia
703 2756 842 2821 modurn
869 2775 941 2820 suae
968 2755 1108 2820 malitiae
1132 2755 1243 2819 noluit
1263 2776 1325 2838 po-

377 2875 469 2933 nere,
484 2858 571 2922 ultio
587 2857 704 2921 divina
721 2877 790 2921 non
813 2855 969 2939 permisit
988 2855 1225 2939 blasphemum
1249 2855 1324 2919 diu-

216 2977 329 3017 naam
377 2956 447 3020 tius
479 2957 604 3021 vivere.
658 2957 817 3040 Denique
849 2955 1045 3020 imminente
1072 2975 1217 3039 vespera
1246 2955 1324 3032 diei,

216 3027 322 3128 biiii
377 3075 448 3138 qua
462 3056 497 3119 in
512 3057 663 3139 generali
688 3057 829 3140 placito,
847 3056 939 3139 quod
956 3056 1048 3138 apud
1075 3054 1325 3138 Geagucsburb

377 3164 546 3234 tenuerat,
557 3157 630 3221 haec
645 3157 766 3222 eadem
780 3139 941 3221 minitans
957 3156 1142 3232 reiteravit,
1158 3175 1236 3220 cum
1251 3156 1325 3219 Da-

378 3277 500 3320 norum
527 3258 645 3321 cuneis
681 3255 960 3321 circumvallatus
986 3263 1078 3320 essct
1104 3255 1324 3332 densissimis,

378 3356 414 3421 S.
432 3357 673 3421 Eadmundum
688 3377 732 3420 ex
755 3356 899 3421 adverso
914 3356 1108 3420 venientem
1131 3356 1225 3419 solus
1239 3355 1327 3419 vidit

378 3465 559 3521 armatum.
613 3455 726 3536 Quem
742 3476 820 3519 cum
834 3456 988 3533 vidisset,
1003 3455 1157 3538 expavit,
1173 3461 1208 3518 et
1222 3455 1327 3519 nimio

378 3575 455 3618 cum
476 3556 626 3620 clamore
658 3555 838 3621 vociferari
863 3557 981 3638 coepit,
1008 3555 1247 3631 ‘Succurritc,'
1274 3555 1325 3617 in·

378 3656 510 3736 quiens,
537 3655 817 3731 ‘commilitones
843 3657 1051 3732 succurrite;
1081 3674 1160 3718 ecce
1186 3661 1327 3718 sanctus

379 3754 602 3818 Eadmundus
623 3774 677 3819 me
692 3755 788 3818 venit
802 3755 988 3834 occidcrc;'
1012 3762 1047 3820 ct
1071 3754 1145 3818 baec
1171 3753 1326 3832 dicendo,

378 3855 502 3918 acriter
528 3839 555 3918 a
572 3860 691 3918 sancto
707 3854 885 3917 confossus
906 3855 1059 3937 cuspide,
1074 3856 1117 3919 de
1140 3854 1328 3929 emissario,

293 3975 295 3980 ’
377 3955 432 4016 cui
462 3954 647 4030 insederat,
665 3953 803 4031 decidit,
819 3961 855 4018 et
868 3972 978 4038 usque
1004 3956 1048 4019 ad
1077 3955 1188 4020 noctis
1204 3958 1325 4036 crepu-

755 4169 763 4201 ¹
781 4173 841 4224 Sax.
855 4173 947 4222 Cbrou.
