2940 4860
384 404 449 468 196
760 416 969 466 onnonroou

387 597 465 642 cnm
487 595 614 658 magno
642 576 809 652 exercitu,
827 576 971 640 AElfrico
997 576 1110 640 adhuc
1126 575 1341 656 Wigornon·

387 698 460 742 sem
478 677 719 759 pontificatum
741 684 894 754 tenente,
910 675 970 740 illo
987 675 1094 753 misit,
1111 676 1282 740 mandans
1298 681 1340 738 ut

389 797 507 842 omues
533 777 639 854 viros,
665 779 695 840 si
729 783 883 858 possent,
920 775 1128 853 occiderent,
1160 774 1340 839 civitatem

388 877 622 960 depraedatam
657 876 887 952 incenderent,
915 885 1093 959 totamque
1125 875 1341 959 provinciam

389 979 623 1043 devastarent.
673 975 747 1055 Qui
770 975 1006 1040 dieveoiente
1039 976 1190 1040 secundo
1217 975 1340 1039 iduum

392 1078 642 1143 Novembrium
661 1077 720 1157 [12
737 1075 861 1157 Nov.],
877 1083 912 1140 et
939 1077 1114 1141 civitatem
1139 1082 1174 1140 et
1198 1076 1342 1157 provin·

389 1180 479 1248 eiam
491 1177 674 1241 devastare
691 1183 881 1259 coeperunt,
892 1175 996 1258 idque
1013 1197 1075 1259 per
1090 1194 1139 1240 1v.
1149 1177 1222 1240 dies
1235 1194 1342 1256 agere

390 1298 458 1342 non
482 1283 727 1355 cessaverunt3
756 1276 815 1340 sed
840 1295 970 1359 paucos
996 1277 1095 1342 vele
1124 1277 1257 1342 civibus
1286 1275 1343 1340 vel

391 1376 659 1460 provincialibus
690 1389 871 1457 coeperunt
910 1384 972 1440 aut
1010 1377 1220 1452 oeciderunt,
1259 1376 1345 1458 quia

392 1477 606 1559 praecognito
626 1477 778 1540 adventu
797 1495 928 1553 eorum,
950 1475 1180 1558 provinciales
1203 1495 1345 1559 quoque

393 1577 545 1641 locorum
577 1575 749 1657 sugerunt.
803 1575 939 1640 Civium
970 1595 1052 1641 vero
1089 1576 1275 1641 multitudo
1305 1576 1344 1640 in

394 1676 566 1759 quandam
592 1676 760 1740 modicam
787 1676 948 1753 insulam,
975 1677 1013 1741 in
1040 1677 1153 1741 medio
1185 1676 1344 1741 Sabrinae

395 1777 545 1841 fluminis
562 1777 678 1854 sitam,
700 1796 779 1859 quae
803 1777 979 1859 Beverege
1005 1785 1236 1861 nuncupatur,
1260 1797 1345 1842 con-

395 1878 566 1959 fugerant,
584 1885 630 1954 et,
653 1877 842 1941 munitione
865 1875 970 1953 faeta,
988 1877 1121 1942 tamdiu
1142 1897 1180 1942 so
1198 1877 1346 1942 viriliter

396 1978 563 2043 adversus
583 1997 665 2042 suos
690 1977 847 2042 inimicos
873 1976 1107 2056 defenderant,
1122 1976 1236 2060 quoad
1257 1994 1347 2060 pace

396 2085 611 2160 recuperata,
650 2078 756 2144 libere
787 2078 928 2141 domum
957 2076 1091 2142 licuerit
1129 2079 1179 2142 eis
1217 2077 1343 2144 redire.

398 2172 532 2256 Quinta
548 2178 655 2260 igitur
675 2177 729 2241 die
752 2178 894 2242 civitate
920 2185 1084 2255 cremata,
1109 2178 1349 2261 unusquisque

397 2297 526 2360 magna
543 2297 620 2341 cum
637 2277 754 2361 praeda
778 2278 880 2342 rediit
903 2278 939 2340 in
963 2297 1039 2355 sua,
1057 2285 1093 2342 et
1115 2279 1207 2360 regis
1224 2280 1346 2350 statim

237 2396 358 2486 i¹¹¹v⁸i⁰ir
400 2379 533 2461 quievit
549 2379 612 2443 ira.
659 2377 740 2442 Non
759 2367 869 2442 multo
886 2384 967 2461 post
983 2377 1208 2455 Eadwardus,
1223 2377 1349 2460 AEgel·

238 2450 473 2542 ‘adtitulati
506 2479 678 2560 quondam
706 2479 798 2560 regis
820 2478 1015 2559 Anglorum
1040 2485 1155 2554 natus,
1181 2479 1223 2542 de
1254 2478 1290 2542 N
1293 2499 1351 2542 or-

401 2577 550 2653 mannia,
565 2578 624 2640 nbi
635 2577 752 2640 multis
761 2578 927 2642 exulabat
943 2578 1053 2654 anniS,
1069 2579 1163 2643 venit
1173 2577 1349 2660 Angliam,

402 2686 437 2742 et
452 2697 473 2740 a
490 2676 596 2741 fratre
613 2696 677 2741 suo
696 2677 965 2743 Heardecanuto
987 2698 1070 2760 rego
1091 2685 1273 2761 susceptus
1288 2680 1352 2743 ho-

402 2776 553 2854 norifice,
568 2778 604 2840 in
619 2777 715 2840 curia
727 2797 791 2840 sua
807 2777 957 2842 mansit.¹

252 2893 380 2933 nonno.
455 2877 534 2940 Rex
552 2875 745 2959 Anglorum
773 2878 1077 2954 Heardecanutus,
1103 2879 1183 2943 dum
1209 2878 1245 2943 in
1267 2899 1351 2944 con-

240 2958 382 3049 dimur,
403 2976 507 3053 vivio,
533 2977 569 3041 in
597 2997 666 3059 quo
698 2977 860 3059 Osgodus
888 2977 1011 3061 Clapa,
1037 2998 1174 3060 magnae
1200 2981 1255 3045 vir
1286 3000 1351 3062 po·

402 3076 531 3154 tentiae,
559 3077 664 3142 filiam
691 3096 789 3141 suam
815 3077 969 3161 Gytbam
996 3079 1130 3143 Danico
1157 3088 1191 3144 et
1215 3100 1351 3162 praepo·

402 3176 490 3240 tenti
504 3179 578 3242 viro
594 3177 717 3253 Tovio,
735 3176 877 3241 Prndan
892 3187 1131 3260 cognomento,
1145 3180 1180 3243 in
1197 3180 1275 3246 loco
1292 3180 1353 3263 qui

401 3276 528 3340 dicitur
556 3276 761 3360 Lamhytbe,
788 3297 915 3358 magna
942 3298 1020 3341 cum
1045 3279 1167 3344 laetitia
1190 3281 1352 3345 tradebat

401 3377 537 3458 nuptui,
554 3376 668 3453 laetus,
686 3395 806 3459 sospes
824 3385 858 3440 et
876 3376 1005 3455 hilaris,
1021 3398 1099 3442 cum
1116 3399 1246 3463 sponsa
1260 3397 1351 3462 prac-

401 3476 496 3540 dieta
513 3483 547 3540 et
572 3476 777 3558 quibusdam
801 3477 894 3552 viris,
916 3478 1035 3542 bibens
1062 3487 1183 3558 staret,
1207 3490 1352 3562 repente

401 3575 493 3639 inter
508 3576 692 3639 bibendum
706 3577 893 3641 miserabili
909 3596 991 3641 casu
1005 3578 1048 3642 ad
1067 3586 1195 3643 terram
1210 3582 1352 3658 corruit,

403 3685 438 3738 et
452 3676 502 3738 sic
514 3682 631 3752 mutus
649 3696 859 3758 permanens,
870 3684 971 3741 sexto
984 3678 1062 3741 idus
1078 3677 1175 3742 Junii
1188 3680 1226 3762 [8
1234 3679 1258 3744 J
1261 3682 1352 3763 un.],

402 3773 505 3838 seria-
521 3776 635 3852 tertia,
674 3776 859 3858 expiravit,
890 3785 926 3840 et
954 3777 1170 3842 Wintoniam
1202 3779 1352 3859 delatus,

399 3873 503 3956 juxta
530 3882 663 3958 patrem
690 3895 789 3938 suum
816 3895 932 3957 regem
962 3876 1135 3941 Canutum
1158 3886 1212 3943 est
1238 3886 1352 3944 tumu-

241 3973 495 4037 sueeeolonorlatus
507 3980 521 4054 ;’
540 3974 640 4058 cujus
656 3975 764 4039 frater
786 3975 1013 4052 Eadwardus,
1029 3978 1262 4044 annitentibus
1277 3999 1352 4045 ma·

241 4038 363 4077 Eadveard.

403 4073 496 4136 ximo
530 4076 656 4138 comite
688 4075 860 4140 Godwino
887 4084 922 4140 et
949 4076 1173 4158 wigornensi
1203 4080 1354 4162 praesule

574 4201 581 4229 ¹
602 4205 656 4253 Noa
667 4189 742 4254 multo
750 4211 805 4269 port
817 4241 823 4257 .
878 4207 1005 4271 .·moavit.]
1022 4206 1083 4259 Sax.
1095 4207 1189 4261 Chron.
