2940 4860
336 385 401 451 222
707 401 917 450 cnaeurcou

338 561 561 643 Bryccstcwe
585 559 733 624 classice
757 577 860 623 manu
887 559 1075 642 proiectus,
1098 577 1230 641 magua
1245 578 1291 624 ex

338 668 437 744 parte
461 667 589 724 terrem
613 659 841 725 Walenorum
869 660 1209 741 circumnavigabat3
1234 659 1293 724 cui

338 761 445 826 freter
458 778 542 824 suus
559 779 673 824 comes
690 759 846 836 Tostius,
860 768 899 825 ut
914 779 977 825 rex
995 759 1189 839 mandaret,
1208 778 1291 824 cum

338 861 489 943 equestri
535 860 684 926 occurrit
723 861 892 937 exercitu,
932 868 968 925 et
1006 860 1136 925 viribus
1183 859 1290 924 simul

333 961 476 1045 junctis,
508 961 683 1042 regionem
722 959 819 1025 illam
856 959 1059 1044 depopulari
1095 967 1292 1042 coeperuut.

341 1061 442 1126 Unde
452 1059 592 1125 Walani
607 1061 730 1137 coacti,
743 1060 835 1123 datis
850 1060 1039 1138 obsidibus,
1054 1081 1093 1126 se
1105 1060 1290 1157 dederunt,

339 1169 428 1227 etse
444 1162 613 1225 tributum
628 1159 679 1224 illi
695 1160 836 1224 daturos
850 1161 1092 1242 promiserunt,
1100 1179 1290 1243 regemque

339 1281 439 1326 suum
455 1260 637 1326 Griffinum
655 1260 857 1342 exlegentes
873 1260 1098 1346 abjecerunt.¹

190 1381 317 1421 ennon.
391 1361 468 1425 Rex
505 1362 733 1428 Walanerum
764 1359 930 1426 Griffinus
959 1380 1039 1426 nen.
1064 1358 1216 1442 Augusti
1250 1357 1290 1445 [5

177 1447 315 1539 ffffldflssm
340 1459 451 1542 Aug.]
468 1480 489 1524 a
509 1462 581 1525 suis
599 1461 816 1539 interficitur,
833 1468 869 1525 et
889 1469 997 1544 caput
1017 1461 1093 1546 ejus
1112 1466 1290 1544 caputque

176 1547 311 1650 maht·
341 1561 439 1624 navis
464 1561 576 1643 ipsius
602 1582 679 1626 curn
703 1567 871 1626 ornatura
889 1562 1006 1627 comiti
1028 1561 1186 1625 Hereldo
1207 1561 1290 1626 mit-

177 1691 263 1732 ·neen
339 1662 436 1738 titur,
448 1680 526 1743 quae
541 1680 625 1725 mox
639 1662 698 1726 ille
713 1662 786 1743 regi
802 1661 928 1727 detulit
939 1662 1145 1726 Eadwarde.
1196 1660 1288 1740 Qui·

176 1743 314 1842 }iidddns
339 1764 404 1826 bus
435 1762 555 1845 gestis,
583 1762 655 1825 suis
685 1762 859 1839 iratribus
888 1762 1097 1844 Blethgente
1124 1768 1161 1826 et
1188 1760 1290 1826 Ritt-

175 1844 281 1885 ΝΜ·
340 1863 486 1939 waleno,
514 1883 577 1927 rex
604 1870 731 1927 terram
755 1862 982 1928 Walenorum
1009 1861 1123 1942 dedit3
1153 1862 1222 1938 cui,
1251 1870 1288 1927 et

306 2012 308 2017 .
341 1963 499 2028 Heroldo
519 1963 648 2041 comiti,
667 1963 867 2027 fidelitatem
886 1962 937 2026 illi
950 1962 1168 2048 juraveruut,
1185 1969 1220 2026 et
1237 1963 1284 2026 ed

338 2064 519 2147 imperium
538 2064 677 2127 illorum
699 2063 785 2127 mari
803 2070 964 2146 terraque
980 2082 1018 2127 se
1035 2064 1108 2127 fore
1133 2069 1289 2145 paratos,

340 2183 380 2229 ac
405 2164 521 2229 emnia
547 2183 625 2246 quae
648 2164 744 2247 prius
761 2163 804 2227 de
824 2171 917 2229 terra
941 2162 1002 2227 illa
1028 2161 1167 2245 regibus
1190 2170 1292 2228 ante·

339 2264 487 2329 rioribus
512 2264 649 2328 fuerant
674 2283 795 2347 pensa,
829 2263 1028 2329 obedienter
1055 2281 1093 2328 se
1120 2281 1291 2346 pensuros

341 2362 627 2448 spoponderunt.52

189 2499 214 2538 Α,
222 2498 249 2538 1),
262 2498 317 2537 nee.
391 2465 615 2530 Reverendus
652 2464 706 2529 vir
750 2462 964 2545 agelwinus,
1010 2462 1291 2541 Dunholmensis‚

177 2564 312 2655 ngjfss
340 2565 534 2648 episcopus,
559 2564 671 2629 sancti
691 2563 834 2641 Oswini‚
858 2563 949 2644 regis
972 2564 1144 2645 quondam
1169 2564 1293 2628 Berni-

178 2667 240 2706 Μ·
340 2662 489 2728 ciorum³
513 2683 605 2740 ossa,
627 2664 663 2727 in
687 2663 895 2728 monasterio
916 2664 1009 2746 quod
1030 2663 1137 2748 juxta
1162 2664 1291 2729 ostium

340 2764 439 2828 Tinae
473 2763 622 2828 fluminis
662 2765 767 2828 situm
805 2770 870 2841 est,
904 2764 947 2828 de
983 2765 1116 2828 tumulo
1149 2763 1293 2844 levavit,

340 2866 523 2928 transactis
555 2884 577 2928 a
606 2865 784 2947 sepultura
818 2864 893 2948 ejus
922 2881 1084 2929 ccccm.
1113 2865 1226 2942 annis,
1257 2873 1295 2930 et

178 2989 259 3030 naon
339 2964 375 3028 iu
397 2965 524 3029 scrinio
546 2984 624 3029 cum
647 2985 774 3048 magne
791 2965 920 3030 honore
942 2965 1081 3030 locavit.
1121 2965 1294 3031 Strenuus

177 3043 328 3140 {ididiae
340 3064 411 3129 dux
442 3064 737 3131 west-Saxonum
768 3066 958 3142 Haraldus,
989 3067 1025 3129 in
1055 3072 1179 3129 terram
1205 3066 1293 3132 Wa-

177 3142 508 3243 {iiiiiit‘dlanorun
550 3167 585 3230 in
623 3168 699 3232 leco
742 3168 801 3248 qui
847 3165 1044 3230 Pentascith
1085 3166 1294 3245 nominetur,

177 3244 241 3284 '⁶²¹¹'
340 3287 456 3332 mense
477 3267 500 3331 J
503 3267 585 3345 ulio,
607 3287 771 3349 magnum
791 3266 952 3331 aedificari
969 3266 1077 3351 jussit
1096 3266 1293 3346 aedificium,

340 3377 375 3433 ct
397 3368 507 3432 multa
529 3388 607 3450 quee
629 3369 800 3451 pertinent
823 3367 866 3431 ad
889 3387 985 3431 esum
1009 3374 1043 3430 ct
1065 3374 1187 3449 petum
1209 3367 1293 3432 illuc

341 3469 545 3551 congregari
566 3468 753 3545 mandevit,
773 3475 814 3532 ut
833 3467 992 3531 dominus
1007 3487 1091 3531 suus
1110 3487 1173 3532 rex
1199 3467 1294 3531 Ead-

340 3568 478 3632 werdus
501 3568 572 3632 illic
597 3567 795 3650 aliquandiu
819 3569 1013 3633 venationis
1040 3586 1145 3631 causa
1167 3568 1294 3649 degere

177 3681 247 3722 which
257 3669 470 3773 cru-‘possitt
509 3667 570 3731 sed
603 3668 738 3733 Gradoc
771 3669 861 3733 filius
894 3669 986 3751 regis
1021 3667 1294 3733 suth-walane-

177 3733 318 3824 iidddi⁰⁰
339 3787 415 3831 rum
448 3767 596 3845 Griffini,
627 3789 728 3851 quem
763 3777 844 3834 ante
873 3787 1003 3852 paucos
1032 3786 1141 3833 annos
1177 3768 1295 3833 Griffi-

177 3834 279 3884 destroye.

339 3887 405 3931 nus
439 3888 502 3933 rex
536 3868 897 3933 North-Walenorum
930 3869 1116 3945 occiderat,
1149 3868 1294 3953 ejusque

338 3986 482 4049 regnum
516 3969 702 4048 invaserat,
733 3988 810 4033 cum
846 3969 1004 4033 amnibus
1041 3988 1129 4052 quos
1167 3970 1293 4035 habere

373 4134 381 4167 ¹
399 4138 460 4188 Sex.
472 4139 565 4189 chron.
578 4141 603 4189 in
615 4141 759 4191 substance.
859 4136 869 4167 ³
888 4139 1076 4204 Baeticarum]
1094 4141 1142 4191 See
1161 4142 1209 4191 sub
1225 4156 1293 4191 anno

374 4203 385 4234 ²
400 4207 461 4256 Sex.
474 4208 566 4258 Ohrou,
824 4213 884 4260 eal.
