2940 4860
374 399 568 447 rnonnnrn
593 396 875 448 wrnoanmssrs.
1061 385 1105 448 89

153 550 236 613 vitae
251 548 443 632 frequentia
455 549 712 633 impedimenta,
730 567 861 612 necnon
882 550 1104 632 Paganorum
1118 581 1245 642 satanan

152 648 401 727 infestationes
417 656 453 714 et
469 649 690 733 quotidianas
708 648 861 730 corporis
877 649 1104 731 infirmitates,
1118 632 1235 671 ¹¹⁸⁰¹⁸²¹m¹

152 749 250 831 regni
265 750 500 832 gubernacula
524 768 656 831 regere,
672 767 806 811 omnem
821 750 970 813 venandi
995 756 1105 815 artem

153 866 267 930 agere,
300 849 458 913 aurifices
487 857 523 912 et
549 848 700 912 artifices
732 866 813 911 suos
842 868 971 927 omnes,
999 849 1105 915 falco·

152 948 280 1025 uarios,
306 948 555 1031 accipitrarios,
572 947 799 1011 canicularios
816 967 953 1030 quoqne
970 949 1105 1026 docere,

153 1047 298 1112 aedificia
312 1067 419 1130 supra
435 1067 568 1111 omnem
596 1054 853 1111 antecessorum
868 1067 1006 1112 suorum
1025 1068 1105 1113 con·

152 1148 366 1212 suetudinem
384 1147 636 1212 venerabiliora
659 1154 694 1210 ot
718 1148 921 1229 pretiosiora
937 1167 1026 1213 nova
1042 1169 1106 1214 sua

152 1246 405 1312 machinatione
420 1247 545 1323 facere,
561 1247 751 1310 Saxonicos
773 1245 879 1311 libros
896 1248 1049 1327 recitare,
1071 1258 1106 1315 et

153 1347 303 1411 maxime
340 1347 515 1411 Saxonica
545 1345 697 1410 carmina
731 1347 926 1411 memoriter
962 1347 1104 1427 discere,

153 1447 230 1510 aliis
253 1448 434 1530 imperare,
451 1445 546 1510 solus
561 1447 698 1509 assidue
716 1466 778 1528 pro
795 1446 923 1510 viribus
952 1467 1020 1512 non
1045 1449 1103 1513 de·
1233 1522 1237 1531 ⁸

153 1547 306 1622 sinebat;
333 1548 472 1611 missam
498 1546 650 1628 quotidie
675 1547 806 1622 audire,
822 1547 974 1630 psalmos
1000 1569 1104 1631 quos·
1117 1521 1267 1612 ffliiidifm

153 1647 233 1710 darn
263 1653 298 1711 et
329 1648 513 1722 orationes,
545 1645 648 1710 horas
681 1646 821 1709 diurnas
851 1654 885 1710 et
918 1656 1104 1714 nocturnas

152 1746 337 1824 celebrare,
363 1755 399 1812 et
422 1746 585 1811 ecclesias
612 1753 779 1811 nocturno
806 1753 960 1829 tempore
983 1750 1104 1814 orandi

154 1866 272 1925 causa,
287 1847 375 1912 clam
401 1848 485 1924 suis,
504 1846 599 1910 adire
624 1847 758 1911 solebat
784 1854 818 1910 et
840 1847 1101 1929 frequentabat:

153 1947 448 2030 eleemosynarum
476 1947 577 2011 dator
602 1947 828 2029 largissimus,
846 1949 998 2010 omnium
1019 1949 1102 2014 affa-

153 2047 340 2111 bilissimus
360 2054 396 2111 et
415 2046 697 2131 jucundissimus,
713 2045 907 2128 ignotarum
924 2066 1037 2110 rerum
1055 2050 1103 2112 in·

153 2148 344 2229 vestigator
372 2147 625 2212 solertissimus.
680 2144 805 2209 Franci
838 2154 953 2210 autem
992 2149 1102 2227 multi,
1117 2166 1251 2215 Eneourase·

1116 2218 1175 2255 ment
1184 2217 1208 2254 ot

155 2246 329 2324 Frisones‚
346 2246 454 2324 Galli,
479 2246 626 2328 Pagani,
647 2245 820 2330 BritoneS‚
845 2246 966 2324 Scotti,
985 2255 1020 2310 et
1036 2247 1102 2324 Ar-
1115 2265 1232 2313 rorersner·

152 2347 291 2423 morici,
310 2354 434 2430 sponte
460 2366 524 2410 suo
551 2365 587 2410 se
613 2346 763 2409 dominio
789 2346 1023 2424 subdiderant,
1042 2316 1246 2413 nofmhm‘

150 2446 237 2510 biles
253 2446 384 2511 scilicet
399 2455 434 2510 et
451 2446 641 2526 ignobiles3
667 2464 754 2529 qnos
770 2466 900 2522 omnes,
916 2447 1005 2511 sicut
1022 2469 1102 2531 pro·

151 2547 262 2629 priam
277 2553 427 2629 gentem,
442 2545 629 2609 secundum
656 2565 755 2608 suam
772 2545 988 2626 dignitatem,
1005 2568 1102 2629 rege-

151 2646 224 2723 bat,
258 2646 435 2728 diligebat,
466 2645 668 2722 honorabat,
699 2645 844 2726 pecunia
867 2654 902 2710 et
931 2653 1102 2727 potestate

152 2744 296 2810 ditabat.
352 2745 543 2828 Episcopos
560 2763 697 2827 quoque
720 2762 813 2820 suos,
829 2765 1032 2829 omnemque
1048 2767 1102 2810 ec-

152 2845 381 2910 clesiasticum
411 2844 576 2921 ordinem,
604 2845 746 2908 comites
779 2863 820 2908 ac
852 2845 981 2908 nobiles
1007 2865 1100 2922 suos,

152 2946 394 3010 ministeriales
406 2946 510 3009 etiam
522 2952 556 3008 et
567 2962 685 3007 omnes
699 2943 896 3021 familiares
908 2945 1101 3011 admirabili

153 3065 269 3109 amore
279 3046 465 3127 diligebat;
487 3043 575 3107 filios
589 3063 724 3126 quoqne
741 3062 859 3106 eornm
877 3046 978 3126 quiin
991 3047 1101 3127 regali

151 3145 283 3208 familia
297 3145 549 3221 nutriebantur,
566 3163 634 3206 non
649 3144 761 3206 minus
778 3145 925 3226 propriis
941 3146 1100 3227 diligens,

152 3245 309 3308 omnibus
324 3245 424 3309 bonis
438 3245 589 3307 moribus
602 3243 791 3320 instituere,
803 3250 838 3306 et
847 3244 971 3308 litteris
988 3246 1100 3309 imbu-

153 3365 209 3408 ero
220 3344 314 3408 solus
324 3345 379 3409 die
389 3351 560 3425 noctuque
569 3344 658 3406 inter
672 3349 799 3407 caetera
810 3364 878 3406 non
888 3343 1099 3408 desinebat.”

204 3443 394 3527 “Cumque
416 3463 560 3525 regnare
587 3462 705 3525 prope,
733 3444 833 3524 quasi
863 3444 1003 3519 invituS,
1031 3464 1100 3508 uno

152 3563 268 3608 mense
284 3545 426 3627 impleto
442 3549 606 3626 coeperat,
620 3542 778 3606 nimirum
795 3543 883 3606 enim
908 3562 975 3606 non
998 3551 1099 3626 puta·
1113 3563 1246 3604 Defeatenat

152 3645 213 3709 bat
226 3664 275 3721 se,
303 3645 369 3708 nisi
387 3643 504 3708 divino
530 3641 655 3706 fultum
673 3643 816 3719 auxilio,
832 3648 965 3707 tantam
984 3642 1099 3725 Paga·
1112 3614 1199 3654 ‘vum'

151 3748 272 3808 norum
294 3763 446 3826 unquam
470 3740 590 3825 posse¹
615 3741 727 3805 solum
749 3742 890 3806 sufferre
916 3744 1099 3807 austerita-

152 3855 242 3907 tem:
275 3844 471 3925 quinetiam,
500 3842 694 3904 viventibus
723 3842 794 3904 suis
825 3840 1000 3918 fratribus,
1022 3862 1101 3906 cum

188 4042 544 4106 ¹Uuqaamposse.]SoAsser.
561 4043 615 4091 The
639 4043 683 4092 bat
704 4044 731 4090 in
749 4057 776 4090 se
794 4043 879 4091 divino
896 4044 976 4093 fultus
997 4045 1102 4106 auxilio,

151 4112 234 4162 whole
250 4127 358 4175 passage
373 4113 460 4161 stands
471 4113 530 4162 thus
545 4114 571 4160 in
585 4115 614 4162 c.
640 4116 734 4160 tantam
754 4113 915 4174 Paganorum
936 4128 1010 4175 posse
1032 4117 1101 4165 solus

82 4214 86 4219 -
152 4183 203 4232 and
215 4183 260 4232 Ia:
277 4184 394 4232 nimirum
406 4184 472 4232 enirn
483 4198 532 4231 non
544 4188 617 4244 puta·
641 4183 744 4231 sufferre
756 4184 936 4234 austeritatem.
