2940 4860
336 393 402 459 226
708 407 919 457 cunonrcon

174 581 267 622 orum
238 589 295 631 mr
337 568 419 632 licet
439 567 516 650 plus
540 567 739 650 quingentis
761 566 897 649 magnis
923 565 1081 641 navibus,
1109 561 1293 628 Haroldus

175 632 286 733 ἕιῖωᾱ·
340 665 539 749 Harvagra¹
555 688 617 733 rex
635 667 928 751 Norreganorum,
937 663 1056 731 frater2
1070 665 1182 729 sancti
1198 664 1293 745 regis

340 768 482 847 Oloris
472 789 508 832 m
524 770 613 833 ostio
624 769 723 834 Tinae
738 768 913 833 fluminis
904 766 1090 850 improvise
1103 764 1290 848 applicuit3

339 869 383 933 ad
406 888 507 952 quem
536 888 650 934 comes
683 869 837 946 Tostius,
867 875 905 932 ut
930 867 1025 951 prius
1049 865 1293 940 condixerant,

339 988 404 1034 sua
435 989 513 1033 cum
545 970 655 1034 classe
683 970 788 1046 venit,
821 975 856 1033 et
893 968 1001 1037 citato
1030 985 1134 1031 cursa
1160 965 1291 1030 ostium

342 1071 512 1135 Humbrae
542 1070 691 1135 fluminis
717 1069 944 1145 intraverunt,
972 1074 1008 1131 et
1038 1068 1090 1131 sic
1120 1065 1292 1131 adversus

341 1190 479 1235 cursum
518 1171 602 1236 Usae
632 1170 782 1234 fluminis
811 1168 1028 1251 navigantes,
1058 1167 1094 1231 iu
1122 1166 1200 1231 loco
1230 1166 1293 1247 qui

342 1270 489 1335 Ricbale
518 1272 644 1337 dicitur
671 1270 922 1354 applicuerunt.
983 1267 1086 1346 Quod
1122 1267 1182 1331 ubi
1216 1267 1293 1348 regi

343 1370 501 1435 Haroldo
521 1372 682 1449 innotuit,
708 1390 829 1436 versus
853 1368 1161 1453 Northbymbriam
1185 1385 1293 1450 expe-

175 1485 256 1575 ⁶5¹⁹}
213 1488 259 1524 eut
249 1482 322 1573 fidud-
342 1470 506 1535 ditionem
543 1491 688 1555 propere
715 1471 835 1536 movit.
895 1469 963 1534 Sed
996 1470 1197 1552 priusquam
1227 1486 1292 1532 rex

179 1585 286 1626 uorem
341 1570 423 1635 illuc
461 1573 605 1650 veniret,
642 1572 711 1636 duo
750 1572 905 1655 germani
938 1569 1093 1646 comites,
1132 1567 1294 1633 videlicet

343 1670 508 1737 Edwinus
535 1679 570 1736 et
596 1670 796 1750 Morkarus,
817 1692 898 1736 cum
921 1670 1054 1752 ingenti
1075 1668 1232 1734 exercitu
1256 1667 1292 1731 in

342 1773 463 1854 vigilia
486 1773 522 1837 S.
540 1773 702 1837 Matthaei
718 1771 879 1855 Apostoli
896 1768 955 1857 [20
979 1767 1105 1855 Sept.],
1126 1768 1213 1832 feria
1228 1785 1291 1845 1v.,

342 1873 377 1936 in
408 1874 539 1938 boreali
564 1874 640 1956 ripa
662 1873 747 1938 Usae
770 1872 932 1950 fluminis,
949 1870 1056 1955 juxta
1082 1869 1290 1946 Eboracum,

342 1993 421 2037 cum
438 1974 652 2056 Norreganis
674 1973 836 2056 proelium
857 1973 1068 2049 commisere,
1081 1977 1116 2035 et
1131 1970 1294 2051 inprime

343 2074 425 2138 belli
450 2074 581 2158 impetu
597 2074 742 2140 viriliter
767 2081 973 2156 pugnantes,
986 2072 1113 2136 multos
1138 2078 1293 2153 prostra-

345 2194 435 2239 vere.
496 2174 546 2240 At
576 2183 759 2258 postquam
791 2173 848 2238 diu
882 2179 1051 2238 certatum
1088 2178 1154 2249 cst,
1183 2168 1294 2252 Angli

346 2274 627 2357 Norreganorum
652 2277 817 2358 impetum
846 2293 914 2338 non
949 2272 1160 2348 sufferentes,
1199 2270 1294 2335 haud

344 2376 417 2439 sine
425 2396 534 2459 parvo
544 2377 748 2441 detrimento
758 2394 911 2451 suorum,
923 2380 1024 2455 terga
1040 2372 1183 2446 dedere;
1207 2370 1296 2435 mul-

344 2483 450 2558 toque
465 2477 581 2558 plures
593 2496 638 2541 ex
653 2476 721 2540 illis
738 2476 775 2541 in
790 2475 895 2540 fluvio
911 2474 1057 2538 demersi
1075 2472 1171 2536 fuere
1186 2491 1294 2553 quam

343 2575 378 2638 in
395 2576 468 2639 acie
483 2577 645 2640 cecidere.
698 2575 893 2658 Norregani
910 2593 990 2638 vero
1011 2573 1088 2638 loco
1113 2573 1295 2637 dominan-

345 2681 402 2738 tur
417 2675 557 2752 suneris,
575 2684 610 2740 et
628 2676 804 2741 obsidibus
824 2694 879 2741 cb.
896 2676 938 2740 de
957 2675 1115 2740 Eboraca
1134 2673 1296 2755 sumptis,

345 2775 389 2838 ad
418 2795 523 2840 naves
548 2778 769 2859 repedarunt,
792 2777 921 2842 relictis
945 2775 982 2843 iu
1006 2794 1048 2839 ea
1073 2774 1116 2838 de
1144 2773 1216 2838 suis
1238 2791 1293 2837 cu.

344 2875 529 2940 obsidibus.
583 2877 715 2941 Verum
737 2878 857 2959 quinto
883 2884 963 2959 post
983 2876 1057 2941 hacc
1077 2874 1144 2951 die,
1170 2873 1204 2936 id
1227 2881 1293 2949 est,

199 3001 209 3029 r
221 2949 265 3030 ³¹0⁰·
347 2992 409 3038 vn.
435 2975 504 3039 kal.
525 2976 690 3041 Octobris
715 2978 774 3061 [25
800 2978 925 3059 Sept.],
940 2975 1025 3041 feria
1050 2974 1213 3051 secunda,
1230 2994 1296 3039 rex

346 3073 537 3158 Anglorum
554 3079 744 3155 Haroldus,
753 3077 871 3143 multis
886 3077 1036 3141 millibus
1050 3081 1295 3159 pugnatorum,

346 3178 450 3241 armis
476 3179 608 3243 bellicis
633 3181 892 3254 instructorum,
917 3178 1111 3241 Eboracum
1140 3175 1296 3251 veniens,

346 3285 381 3342 et
400 3278 615 3362 Norreganis
627 3281 663 3343 in
678 3279 755 3344 loco
770 3280 829 3361 qui
846 3277 1153 3360 stanford-brycge
1170 3275 1298 3341 dicitur

346 3398 541 3456 occurrens,
556 3381 592 3442 in
619 3400 678 3444 ore
702 3379 809 3461 gladii
830 3399 946 3460 regem
972 3377 1168 3441 Haraldum
1187 3377 1295 3441 comi-

347 3487 485 3562 temque
501 3479 671 3557 Tostium,
687 3500 764 3545 cum
779 3480 904 3564 maj0ri
927 3486 1026 3562 parte
1042 3479 1096 3541 sui
1111 3477 1298 3554 exercitus,

347 3579 485 3655 occidit,
530 3599 572 3645 ac
610 3581 747 3663 plenam
786 3581 981 3656 victoriam,
1013 3579 1095 3642 licet
1131 3578 1297 3643 acerrime

348 3687 539 3759 pugnatum
563 3681 696 3758 suisset,
722 3681 854 3745 babuit.
909 3680 1036 3745 Filium
1068 3685 1185 3743 autem
1219 3678 1297 3763 ejus

348 3775 510 3857 01avnm,
526 3789 561 3845 et
578 3783 736 3846 comitem
763 3781 807 3846 de
831 3780 970 3845 Orcada
996 3779 1122 3857 insula,
1147 3778 1298 3843 Paulum

346 3879 493 3957 nomine,
510 3881 569 3963 qui
587 3883 630 3945 ad
646 3900 751 3945 naves
766 3881 1009 3946 custodiendas
1025 3899 1103 3945 cum
1119 3878 1296 3945 exercitus

379 4123 558 4197 ¹uru11urc.agru]
571 4135 649 4196 Scep.
659 4139 716 4196 200,
724 4151 754 4183 no
741 4131 803 4184 otte
829 4135 889 4198 only
900 4136 929 4186 ol
942 4137 978 4188 St
992 4137 1062 4200 Olas,
1073 4154 1105 4187 on
1123 4137 1164 4187 tbe
1179 4136 1300 4186 mother's

377 4193 440 4246 Fr
439 4205 492 4248 uter
465 4202 513 4264 επ]
528 4204 569 4252 He
577 4219 631 4253 was
639 4205 702 4254 bals
704 4205 804 4255 brother
830 4207 894 4257 side.
