2940 4860
369 393 436 472 228
742 407 952 456 curomoou

373 566 490 631 roidus
519 565 692 631 mensibus
723 582 776 630 rx.
807 572 842 629 et
872 565 992 629 diebus
1022 565 1186 630 totidemr'
1220 563 1326 648 cujus

372 675 482 733 morte
517 668 648 744 audita,
678 667 820 730 comites
850 666 1016 732 Edwinus
1053 675 1089 731 et
1120 663 1326 744 Morkarus,

373 769 432 850 qui
446 788 484 832 se
499 788 578 833 cum
592 768 664 831 suis
679 767 859 831 certamini
874 768 1088 844 subtraxere,
1105 766 1324 830 Luudouiam

371 889 507 946 venere,
541 877 576 933 et
611 887 761 932 sororem
800 886 898 931 suam
928 866 1130 949 Aldgitham
1166 867 1323 948 reginam

371 977 543 1053 sumptam
559 969 601 1033 ad
621 968 807 1033 Civitatem
825 967 1028 1049 Legionum¹
1046 969 1180 1032 misere.
1221 964 1323 1031 ,Alu-

371 1071 473 1135 redus
509 1077 625 1134 autam
672 1069 903 1133 Eboraceusis
947 1069 1238 1152 archiepiscopus,
1286 1077 1323 1134 at

371 1172 473 1235 iidem
506 1171 648 1235 comites
678 1189 756 1233 cum
791 1169 924 1232 civibus
955 1169 1253 1233 Lun'douiensibus
1285 1177 1323 1234 et

371 1272 588 1349 butsecarlis,
610 1271 770 1340 clitonem
792 1269 1001 1351 Eadgarum,
1025 1270 1219 1334 Eadmundi
1239 1270 1325 1334 Fer·

372 1374 421 1436 rei
452 1372 588 1437 Lateris
616 1377 789 1453 nepotem,
816 1371 852 1434 iu
881 1390 997 1452 regem
1023 1371 1139 1435 levare
1168 1370 1323 1447 voluere,

372 1479 510 1536 etcum
536 1492 578 1536 eo
603 1492 641 1536 sc
667 1490 818 1554 pugnam
844 1471 990 1535 inituros
1018 1471 1224 1554 promisere3
1258 1472 1321 1534 sed

372 1573 454 1636 dum
481 1572 524 1636 ad
550 1591 702 1655 pugnam
726 1571 933 1635 descendere
949 1572 1049 1636 multi
1075 1591 1114 1636 se
1140 1590 1323 1654 paravere,

373 1673 629 1737 comitessuum
651 1673 819 1736 auxilium
837 1674 885 1757 ab
909 1673 957 1737 eis
981 1679 1167 1750 retraxere,
1183 1680 1218 1737 ct
1240 1693 1321 1737 cum

372 1792 436 1837 suo
451 1775 607 1839 exercitu
621 1774 759 1837 domum
774 1773 959 1837 redierunt.
1070 1776 1075 1783 '

209 1888 343 1979 fflfflssffi,
418 1873 557 1940 Interea
603 1893 718 1939 comes
765 1873 962 1939 Willelmus
1012 1873 1325 1952 Sutb-Saxoniam,

210 1950 306 2039 cauliu-
374 1975 545 2051 (lantiam,
583 1975 909 2039 Sutbamtunensem
951 1976 1175 2058 provinciam,
1216 1973 1323 2039 Suth-

373 2077 515 2157 regiam,
535 2074 887 2152 Middel·Saxoniam,
910 2074 1216 2140 Heortfordeusem
1242 2095 1324 2158 pro-

374 2177 521 2240 vinciam
543 2177 760 2252 devastabat,
783 2183 818 2239 et
840 2175 939 2239 villas
964 2193 1128 2255 cremare,
1152 2176 1324 2240 homines·

374 2296 441 2359 que
470 2276 663 2342 interficere
699 2296 766 2340 nou
792 2278 963 2355 cessabat,
991 2277 1099 2341 donec
1129 2277 1172 2341 ad
1202 2276 1321 2340 villam

211 2387 330 2437 uanrrre
374 2396 452 2460 quae
471 2378 664 2443 Beorcham
681 2377 888 2455 nominatur,
905 2379 1048 2455 veniret,
1068 2378 1128 2441 ubi
1147 2376 1324 2441 Aldredus

210 2438 264 2477 later
273 2438 314 2477 aud

211 2488 342 2578 ffiplggffi·
373 2479 663 2562 archiepiscopus,
687 2477 893 2542 Wulstanus
922 2477 1161 2559 Wigornensis
1189 2479 1323 2560 episco-

338 2567 343 2578 “
373 2598 451 2662 pus,
487 2579 665 2644 Walterus
704 2577 968 2642 Herefordensis
1009 2579 1203 2661 episcopus,
1237 2578 1322 2641 clito

375 2677 569 2758 Eadgarus,
593 2679 736 2743 comites
762 2678 927 2743 Edwinus
949 2687 984 2743 et
1006 2679 1204 2754 MorkaruS,
1222 2686 1258 2742 et
1279 2678 1323 2742 de

376 2779 559 2844 Luudouia
581 2780 707 2863 quique
728 2778 924 2856 nobiliores,
939 2799 1016 2842 cum
1032 2780 1150 2843 multis
1170 2778 1259 2856 aliis,
1277 2779 1321 2843 ad

375 2899 451 2942 eum
467 2887 647 2955 venerunt,
665 2886 711 2954 et,
729 2878 821 2942 datis
843 2880 1030 2957 obsidibuS,
1044 2881 1095 2943 illi
1113 2879 1322 2944 'deditionem

376 2978 542 3056 lecerunt,
563 2979 833 3061 fidelitatemque
850 2979 1177 3063 juraverunt;‘cum
1197 2981 1324 3062 quibus

376 3087 410 3144 et
426 3080 500 3162 ipse
516 3080 628 3144 t'oedus
645 3081 789 3163 pepigit,
799 3087 834 3144 et
846 3080 1066 3144 nibilominus
1078 3081 1246 3145 exercitui
1259 3100 1325 3145 suo

216 3192 278 3232 1³⁰¹ss
376 3181 480 3246 villas
498 3200 649 3245 cremare
667 3189 701 3245 et
718 3181 856 3263 rapinas
872 3201 975 3262 agere
990 3181 1156 3263 permisit.
1186 3180 1326 3265 Appro-

215 3243 311 3282 crowded
321 3244 345 3281 at

213 3293 340 3384 fgptmiu-
376 3282 566 3365 pinquante
580 3282 688 3363 igitur
699 3282 891 3346 Domiuicae
904 3281 1111 3347 Natiuitatis
1123 3279 1327 3361 festivitate,

250 3373 255 3383 ’
377 3383 564 3446 cumomni
589 3382 744 3446 exercitu
769 3381 997 3459 Luudouiam,
1019 3389 1059 3445 ut
1082 3384 1129 3447 ibi
1151 3384 1186 3446 in
1209 3402 1325 3464 rogem

376 3482 632 3559 sublimaretur,
659 3482 763 3556 adiit;
799 3490 835 3547 et
860 3483 942 3565 quia
956 3483 1168 3565 ¹Stig'andus,
1196 3484 1328 3566 primas

377 3584 484 3647 totius
510 3582 660 3664 Angliae,
686 3584 731 3646 ab
760 3583 949 3665 apostolico
974 3602 1067 3666 papa
1096 3583 1329 3648 calumniatus

377 3691 430 3747 est
445 3683 588 3765 pallium
604 3702 672 3747 non
688 3683 880 3765 suscepisse
895 3684 1070 3760 canonice,
1087 3685 1163 3766 ipsa
1188 3683 1328 3747 Nativi-

377 3784 460 3858 tatis
475 3784 542 3861 die,
557 3803 633 3866 quae
659 3783 720 3847 illo
744 3803 835 3847 anno
853 3782 938 3848 feria
954 3784 1107 3849 secunda
1133 3785 1260 3862 evenit,
1284 3784 1329 3847 ab

377 4074 420 4107 see
443 4059 633 4123 Luppenberg's
661 4061 789 4122 Euglaud,
811 4073 842 4109 11.
905 4090 911 4120 1

377 4145 421 4190 pp.
434 4133 576 4209 titi-304,
585 4131 634 4179 and
643 4131 685 4180 the
693 4131 842 4180 authorities
866 4169 912 4216 ter·

377 4199 447 4276 there
459 4200 535 4248 cited.

933 4095 1063 4147 Civitatem
1075 4098 1229 4163 Legionem]
1250 4097 1331 4149 eher-
