<?xml version="1.0" encoding="UTF-8"?>
<!DOCTYPE html PUBLIC "-//W3C//DTD XHTML 1.0 Transitional//EN"
    "http://www.w3.org/TR/xhtml1/DTD/xhtml1-transitional.dtd">
<html xmlns="http://www.w3.org/1999/xhtml" xml:lang="en" lang="en">
 <head>
  <title>
</title>
<meta http-equiv="Content-Type" content="text/html;charset=utf-8" />
  <meta name='ocr-system' content='tesseract 3.04.00' />
  <meta name='ocr-capabilities' content='ocr_page ocr_carea ocr_par ocr_line ocrx_word'/>
</head>
<body>
  <div class='ocr_page' id='page_1' title='image "./florentiiwigorn03florgoog_0099.png"; bbox 0 0 2940 4860; ppageno 0'>
   <div class='ocr_carea' id='block_1_1' title="bbox 335 368 919 433">
    <p class='ocr_par' dir='ltr' id='par_1_1' title="bbox 335 368 919 433">
     <span class='ocr_line' id='line_1_1' title="bbox 335 368 919 433; baseline -0.002 0"><span class='ocrx_word' id='word_1_1' title='bbox 335 368 379 433; x_wconf 87' lang='lat'><strong>88</strong></span> <span class='ocrx_word' id='word_1_2' title='bbox 710 384 919 432; x_wconf 73' lang='lat' dir='ltr'><strong>canonicor</strong></span> 
     </span>
    </p>
   </div>
   <div class='ocr_carea' id='block_1_2' title="bbox 176 540 1335 3927">
    <p class='ocr_par' dir='ltr' id='par_1_2' title="bbox 283 540 1335 1722">
     <span class='ocr_line' id='line_1_2' title="bbox 283 540 1287 628; baseline -0.005 -18"><span class='ocrx_word' id='word_1_3' title='bbox 283 589 288 600; x_wconf 85' lang='lat'><em>·</em></span> <span class='ocrx_word' id='word_1_4' title='bbox 337 544 458 624; x_wconf 90' lang='lat' dir='ltr'><strong>adiret,</strong></span> <span class='ocrx_word' id='word_1_5' title='bbox 493 553 528 610; x_wconf 89' lang='lat' dir='ltr'><strong>et</strong></span> <span class='ocrx_word' id='word_1_6' title='bbox 561 545 604 610; x_wconf 91' lang='lat' dir='ltr'><strong>ad</strong></span> <span class='ocrx_word' id='word_1_7' title='bbox 636 546 809 628; x_wconf 92' lang='lat' dir='ltr'><strong>quandam</strong></span> <span class='ocrx_word' id='word_1_8' title='bbox 832 540 1013 609; x_wconf 87' lang='lat' dir='ltr'><strong>ecclesiam</strong></span> <span class='ocrx_word' id='word_1_9' title='bbox 1039 543 1159 608; x_wconf 88' lang='lat' dir='ltr'><strong>orandi</strong></span> <span class='ocrx_word' id='word_1_10' title='bbox 1182 560 1287 609; x_wconf 87' lang='lat' dir='ltr'><strong>causa</strong></span> 
     </span>
     <span class='ocr_line' id='line_1_3' title="bbox 338 643 1286 728; baseline -0.005 -18"><span class='ocrx_word' id='word_1_11' title='bbox 338 647 545 724; x_wconf 80' lang='lat' dir='ltr'><strong>divertisset,</strong></span> <span class='ocrx_word' id='word_1_12' title='bbox 577 648 612 710; x_wconf 92' lang='lat' dir='ltr'><strong>in</strong></span> <span class='ocrx_word' id='word_1_13' title='bbox 643 665 712 728; x_wconf 90' lang='lat' dir='ltr'><strong>qna</strong></span> <span class='ocrx_word' id='word_1_14' title='bbox 749 654 889 710; x_wconf 83' lang='lat' dir='ltr'><strong>sanctus</strong></span> <span class='ocrx_word' id='word_1_15' title='bbox 921 644 1060 709; x_wconf 87' lang='lat' dir='ltr'><strong>Gueriir</strong></span> <span class='ocrx_word' id='word_1_16' title='bbox 1091 643 1286 726; x_wconf 91' lang='lat' dir='ltr'><strong>requiescit,</strong></span> 
     </span>
     <span class='ocr_line' id='line_1_4' title="bbox 338 744 1287 828; baseline -0.005 -17"><span class='ocrx_word' id='word_1_17' title='bbox 338 753 478 811; x_wconf 86' lang='lat' dir='ltr'><strong>sanctus</strong></span> <span class='ocrx_word' id='word_1_18' title='bbox 493 748 597 812; x_wconf 91' lang='lat' dir='ltr'><strong>etiam</strong></span> <span class='ocrx_word' id='word_1_19' title='bbox 614 746 699 810; x_wconf 88' lang='lat' dir='ltr'><strong>Niot</strong></span> <span class='ocrx_word' id='word_1_20' title='bbox 713 746 838 811; x_wconf 90' lang='lat' dir='ltr'><strong>ibidem</strong></span> <span class='ocrx_word' id='word_1_21' title='bbox 853 752 989 828; x_wconf 90' lang='lat' dir='ltr'><strong>pausat,</strong></span> <span class='ocrx_word' id='word_1_22' title='bbox 1007 745 1066 809; x_wconf 93' lang='lat' dir='ltr'><strong>diu</strong></span> <span class='ocrx_word' id='word_1_23' title='bbox 1080 745 1116 808; x_wconf 90' lang='lat' dir='ltr'><strong>in</strong></span> <span class='ocrx_word' id='word_1_24' title='bbox 1132 744 1287 808; x_wconf 89' lang='lat' dir='ltr'><strong>oratione</strong></span> 
     </span>
     <span class='ocr_line' id='line_1_5' title="bbox 338 845 1287 931; baseline -0.005 -20"><span class='ocrx_word' id='word_1_25' title='bbox 338 847 443 911; x_wconf 89' lang='lat' dir='ltr'><strong>tacita</strong></span> <span class='ocrx_word' id='word_1_26' title='bbox 470 847 764 931; x_wconf 84' lang='lat' dir='ltr'><strong>prostratus,1)ei</strong></span> <span class='ocrx_word' id='word_1_27' title='bbox 789 846 1056 910; x_wconf 88' lang='lat' dir='ltr'><strong>misericordiam</strong></span> <span class='ocrx_word' id='word_1_28' title='bbox 1079 845 1287 928; x_wconf 89' lang='lat' dir='ltr'><strong>deprecaba-</strong></span> 
     </span>
     <span class='ocr_line' id='line_1_6' title="bbox 339 943 1335 1029; baseline -0.005 -19"><span class='ocrx_word' id='word_1_29' title='bbox 339 954 594 1029; x_wconf 75' lang='lat' dir='ltr'><strong>tur,quatenuS,</strong></span> <span class='ocrx_word' id='word_1_30' title='bbox 605 965 667 1029; x_wconf 93' lang='lat' dir='ltr'><strong>pro</strong></span> <span class='ocrx_word' id='word_1_31' title='bbox 678 965 743 1010; x_wconf 89' lang='lat' dir='ltr'><strong>sua</strong></span> <span class='ocrx_word' id='word_1_32' title='bbox 751 947 917 1010; x_wconf 89' lang='lat' dir='ltr'><strong>immensa</strong></span> <span class='ocrx_word' id='word_1_33' title='bbox 926 946 1117 1022; x_wconf 89' lang='lat' dir='ltr'><strong>clementia,</strong></span> <span class='ocrx_word' id='word_1_34' title='bbox 1129 943 1287 1008; x_wconf 84' lang='lat' dir='ltr'><strong>stimulos</strong></span> <span class='ocrx_word' id='word_1_35' title='bbox 1333 945 1335 948; x_wconf 81' lang='grc'><strong>’</strong></span> 
     </span>
     <span class='ocr_line' id='line_1_7' title="bbox 338 1043 1286 1130; baseline -0.005 -19"><span class='ocrx_word' id='word_1_36' title='bbox 338 1048 518 1130; x_wconf 86' lang='lat' dir='ltr'><strong>praesentis</strong></span> <span class='ocrx_word' id='word_1_37' title='bbox 534 1056 568 1111; x_wconf 91' lang='lat' dir='ltr'><strong>et</strong></span> <span class='ocrx_word' id='word_1_38' title='bbox 585 1046 781 1111; x_wconf 80' lang='lat' dir='ltr'><strong>infestantis</strong></span> <span class='ocrx_word' id='word_1_39' title='bbox 795 1045 1005 1110; x_wconf 89' lang='lat' dir='ltr'><strong>infirmitatis</strong></span> <span class='ocrx_word' id='word_1_40' title='bbox 1033 1046 1150 1127; x_wconf 89' lang='lat' dir='ltr'><strong>aliqua</strong></span> <span class='ocrx_word' id='word_1_41' title='bbox 1175 1043 1286 1126; x_wconf 86' lang='lat' dir='ltr'><strong>quali-</strong></span> 
     </span>
     <span class='ocr_line' id='line_1_8' title="bbox 339 1146 1286 1230; baseline -0.006 -19"><span class='ocrx_word' id='word_1_42' title='bbox 339 1166 472 1230; x_wconf 91' lang='lat' dir='ltr'><strong>cunque</strong></span> <span class='ocrx_word' id='word_1_43' title='bbox 509 1147 630 1211; x_wconf 88' lang='lat' dir='ltr'><strong>leviori</strong></span> <span class='ocrx_word' id='word_1_44' title='bbox 665 1146 863 1211; x_wconf 90' lang='lat' dir='ltr'><strong>infirmitate</strong></span> <span class='ocrx_word' id='word_1_45' title='bbox 896 1153 1056 1224; x_wconf 89' lang='lat' dir='ltr'><strong>mutaret,</strong></span> <span class='ocrx_word' id='word_1_46' title='bbox 1097 1164 1139 1209; x_wconf 90' lang='lat' dir='ltr'><strong>ea</strong></span> <span class='ocrx_word' id='word_1_47' title='bbox 1171 1151 1286 1207; x_wconf 89' lang='lat' dir='ltr'><strong>tamen</strong></span> 
     </span>
     <span class='ocr_line' id='line_1_9' title="bbox 338 1243 1286 1330; baseline -0.005 -20"><span class='ocrx_word' id='word_1_48' title='bbox 338 1247 546 1324; x_wconf 85' lang='lat' dir='ltr'><strong>conditione,</strong></span> <span class='ocrx_word' id='word_1_49' title='bbox 561 1256 601 1311; x_wconf 88' lang='lat' dir='ltr'><strong>ut</strong></span> <span class='ocrx_word' id='word_1_50' title='bbox 625 1246 850 1330; x_wconf 86' lang='lat' dir='ltr'><strong>corporaliter</strong></span> <span class='ocrx_word' id='word_1_51' title='bbox 864 1247 1015 1311; x_wconf 88' lang='lat' dir='ltr'><strong>exterius</strong></span> <span class='ocrx_word' id='word_1_52' title='bbox 1030 1246 1091 1310; x_wconf 92' lang='lat' dir='ltr'><strong>illa</strong></span> <span class='ocrx_word' id='word_1_53' title='bbox 1105 1243 1286 1308; x_wconf 86' lang='lat' dir='ltr'><strong>infirmitas</strong></span> 
     </span>
     <span class='ocr_line' id='line_1_10' title="bbox 339 1346 1287 1429; baseline -0.002 -21"><span class='ocrx_word' id='word_1_54' title='bbox 339 1366 408 1410; x_wconf 92' lang='lat' dir='ltr'><strong>non</strong></span> <span class='ocrx_word' id='word_1_55' title='bbox 439 1353 633 1429; x_wconf 84' lang='lat' dir='ltr'><strong>appareret,</strong></span> <span class='ocrx_word' id='word_1_56' title='bbox 663 1367 705 1410; x_wconf 91' lang='lat' dir='ltr'><strong>ne</strong></span> <span class='ocrx_word' id='word_1_57' title='bbox 735 1346 917 1428; x_wconf 89' lang='lat' dir='ltr'><strong>despectus</strong></span> <span class='ocrx_word' id='word_1_58' title='bbox 948 1352 983 1409; x_wconf 88' lang='lat' dir='ltr'><strong>et</strong></span> <span class='ocrx_word' id='word_1_59' title='bbox 1020 1346 1152 1410; x_wconf 88' lang='lat' dir='ltr'><strong>inutilis</strong></span> <span class='ocrx_word' id='word_1_60' title='bbox 1184 1350 1287 1407; x_wconf 87' lang='lat' dir='ltr'><strong>esset.</strong></span> 
     </span>
     <span class='ocr_line' id='line_1_11' title="bbox 341 1444 1285 1529; baseline -0.004 -20"><span class='ocrx_word' id='word_1_61' title='bbox 341 1444 508 1510; x_wconf 85' lang='lat' dir='ltr'><strong>Oratione</strong></span> <span class='ocrx_word' id='word_1_62' title='bbox 537 1445 646 1523; x_wconf 89' lang='lat' dir='ltr'><strong>finita,</strong></span> <span class='ocrx_word' id='word_1_63' title='bbox 674 1452 826 1528; x_wconf 88' lang='lat' dir='ltr'><strong>coeptum</strong></span> <span class='ocrx_word' id='word_1_64' title='bbox 861 1447 926 1511; x_wconf 88' lang='lat' dir='ltr'><strong>iter</strong></span> <span class='ocrx_word' id='word_1_65' title='bbox 956 1446 1112 1529; x_wconf 89' lang='lat' dir='ltr'><strong>arripuit,</strong></span> <span class='ocrx_word' id='word_1_66' title='bbox 1143 1453 1179 1509; x_wconf 89' lang='lat' dir='ltr'><strong>et</strong></span> <span class='ocrx_word' id='word_1_67' title='bbox 1217 1463 1285 1507; x_wconf 90' lang='lat' dir='ltr'><strong>non</strong></span> 
     </span>
     <span class='ocr_line' id='line_1_12' title="bbox 338 1544 1287 1629; baseline -0.004 -21"><span class='ocrx_word' id='word_1_68' title='bbox 338 1544 447 1609; x_wconf 91' lang='lat' dir='ltr'><strong>multo</strong></span> <span class='ocrx_word' id='word_1_69' title='bbox 477 1552 557 1629; x_wconf 86' lang='lat' dir='ltr'><strong>post</strong></span> <span class='ocrx_word' id='word_1_70' title='bbox 581 1553 746 1629; x_wconf 92' lang='lat' dir='ltr'><strong>tempore,</strong></span> <span class='ocrx_word' id='word_1_71' title='bbox 774 1554 814 1609; x_wconf 91' lang='lat' dir='ltr'><strong>ut</strong></span> <span class='ocrx_word' id='word_1_72' title='bbox 843 1547 878 1610; x_wconf 92' lang='lat' dir='ltr'><strong>in</strong></span> <span class='ocrx_word' id='word_1_73' title='bbox 905 1546 1059 1610; x_wconf 89' lang='lat' dir='ltr'><strong>oratione</strong></span> <span class='ocrx_word' id='word_1_74' title='bbox 1083 1545 1287 1628; x_wconf 86' lang='lat' dir='ltr'><strong>deprecatus</strong></span> 
     </span>
     <span class='ocr_line' id='line_1_13' title="bbox 338 1644 1288 1722; baseline -0.001 -15"><span class='ocrx_word' id='word_1_75' title='bbox 338 1644 461 1722; x_wconf 87' lang='lat' dir='ltr'><strong>fuerat,</strong></span> <span class='ocrx_word' id='word_1_76' title='bbox 477 1665 514 1709; x_wconf 91' lang='lat' dir='ltr'><strong>se</strong></span> <span class='ocrx_word' id='word_1_77' title='bbox 532 1647 576 1709; x_wconf 94' lang='lat' dir='ltr'><strong>ab</strong></span> <span class='ocrx_word' id='word_1_78' title='bbox 593 1646 652 1709; x_wconf 94' lang='lat' dir='ltr'><strong>illo</strong></span> <span class='ocrx_word' id='word_1_79' title='bbox 669 1646 787 1709; x_wconf 89' lang='lat' dir='ltr'><strong>dolore</strong></span> <span class='ocrx_word' id='word_1_80' title='bbox 804 1647 1011 1711; x_wconf 90' lang='lat' dir='ltr'><strong>medicatum</strong></span> <span class='ocrx_word' id='word_1_81' title='bbox 1031 1665 1106 1710; x_wconf 89' lang='lat' dir='ltr'><strong>esse</strong></span> <span class='ocrx_word' id='word_1_82' title='bbox 1123 1644 1288 1708; x_wconf 88' lang='lat' dir='ltr'><strong>divinitus</strong></span> 
     </span>
    </p>

    <p class='ocr_par' dir='ltr' id='par_1_3' title="bbox 176 1742 1287 2030">
     <span class='ocr_line' id='line_1_14' title="bbox 236 1742 1286 1827; baseline 0.003 -24"><span class='ocrx_word' id='word_1_83' title='bbox 236 1775 270 1803; x_wconf 60' lang='lat' dir='ltr'><strong>aa</strong></span> <span class='ocrx_word' id='word_1_84' title='bbox 338 1745 457 1822; x_wconf 88' lang='lat' dir='ltr'><strong>sensit,</strong></span> <span class='ocrx_word' id='word_1_85' title='bbox 480 1746 530 1810; x_wconf 89' lang='lat' dir='ltr'><strong>ita</strong></span> <span class='ocrx_word' id='word_1_86' title='bbox 555 1753 594 1809; x_wconf 89' lang='lat' dir='ltr'><strong>ut</strong></span> <span class='ocrx_word' id='word_1_87' title='bbox 623 1745 777 1809; x_wconf 84' lang='lat' dir='ltr'><strong>funditus</strong></span> <span class='ocrx_word' id='word_1_88' title='bbox 810 1747 1060 1812; x_wconf 82' lang='lat' dir='ltr'><strong>eradicaretur:</strong></span> <span class='ocrx_word' id='word_1_89' title='bbox 1099 1745 1171 1823; x_wconf 93' lang='lat' dir='ltr'><strong>sed,</strong></span> <span class='ocrx_word' id='word_1_90' title='bbox 1200 1742 1286 1827; x_wconf 91' lang='lat' dir='ltr'><strong>proh</strong></span> 
     </span>
     <span class='ocr_line' id='line_1_15' title="bbox 176 1827 1285 1930; baseline -0.002 -22"><span class='ocrx_word' id='word_1_91' title='bbox 176 1827 189 1854; x_wconf 72' lang='lat'>⁸</span> <span class='ocrx_word' id='word_1_92' title='bbox 222 1827 233 1856; x_wconf 78' lang='lat'><strong>⁰</strong></span> <span class='ocrx_word' id='word_1_93' title='bbox 272 1841 277 1854; x_wconf 90' lang='lat'>&#39;</span> <span class='ocrx_word' id='word_1_94' title='bbox 339 1845 447 1922; x_wconf 92' lang='lat' dir='ltr'><strong>dolor,</strong></span> <span class='ocrx_word' id='word_1_95' title='bbox 472 1865 512 1910; x_wconf 92' lang='lat' dir='ltr'><strong>eo</strong></span> <span class='ocrx_word' id='word_1_96' title='bbox 543 1852 671 1924; x_wconf 90' lang='lat' dir='ltr'><strong>amoto,</strong></span> <span class='ocrx_word' id='word_1_97' title='bbox 700 1846 789 1909; x_wconf 89' lang='lat' dir='ltr'><strong>alius</strong></span> <span class='ocrx_word' id='word_1_98' title='bbox 813 1847 969 1911; x_wconf 89' lang='lat' dir='ltr'><strong>infestior</strong></span> <span class='ocrx_word' id='word_1_99' title='bbox 993 1848 1029 1910; x_wconf 92' lang='lat' dir='ltr'><strong>in</strong></span> <span class='ocrx_word' id='word_1_100' title='bbox 1053 1846 1183 1930; x_wconf 90' lang='lat' dir='ltr'><strong>nuptiis</strong></span> <span class='ocrx_word' id='word_1_101' title='bbox 1209 1864 1285 1908; x_wconf 93' lang='lat' dir='ltr'><strong>eum</strong></span> 
     </span>
     <span class='ocr_line' id='line_1_16' title="bbox 339 1945 1287 2030; baseline -0.001 -22"><span class='ocrx_word' id='word_1_102' title='bbox 339 1945 496 2029; x_wconf 88' lang='lat' dir='ltr'><strong>arripuit,</strong></span> <span class='ocrx_word' id='word_1_103' title='bbox 513 1947 571 2030; x_wconf 91' lang='lat' dir='ltr'><strong>qui</strong></span> <span class='ocrx_word' id='word_1_104' title='bbox 599 1946 799 2012; x_wconf 86' lang='lat' dir='ltr'><strong>avicesimo</strong></span> <span class='ocrx_word' id='word_1_105' title='bbox 826 1948 940 2012; x_wconf 87' lang='lat' dir='ltr'><strong>aetatis</strong></span> <span class='ocrx_word' id='word_1_106' title='bbox 966 1967 1039 2011; x_wconf 90' lang='lat' dir='ltr'><strong>suae</strong></span> <span class='ocrx_word' id='word_1_107' title='bbox 1064 1966 1153 2011; x_wconf 92' lang='lat' dir='ltr'><strong>anno</strong></span> <span class='ocrx_word' id='word_1_108' title='bbox 1177 1964 1287 2027; x_wconf 90' lang='lat' dir='ltr'><strong>usque</strong></span> 
     </span>
    </p>

    <p class='ocr_par' dir='ltr' id='par_1_4' title="bbox 176 2045 1289 3329">
     <span class='ocr_line' id='line_1_17' title="bbox 339 2045 1287 2131; baseline -0.002 -22"><span class='ocrx_word' id='word_1_109' title='bbox 339 2046 383 2109; x_wconf 89' lang='lat' dir='ltr'><strong>ad</strong></span> <span class='ocrx_word' id='word_1_110' title='bbox 406 2047 708 2130; x_wconf 85' lang='lat' dir='ltr'><strong>quadragesimum</strong></span> <span class='ocrx_word' id='word_1_111' title='bbox 724 2048 879 2129; x_wconf 88' lang='lat' dir='ltr'><strong>quintum</strong></span> <span class='ocrx_word' id='word_1_112' title='bbox 897 2055 931 2112; x_wconf 94' lang='lat' dir='ltr'><strong>et</strong></span> <span class='ocrx_word' id='word_1_113' title='bbox 953 2066 994 2112; x_wconf 90' lang='lat' dir='ltr'><strong>co</strong></span> <span class='ocrx_word' id='word_1_114' title='bbox 1021 2046 1168 2131; x_wconf 90' lang='lat' dir='ltr'><strong>amplius</strong></span> <span class='ocrx_word' id='word_1_115' title='bbox 1190 2045 1287 2108; x_wconf 91' lang='lat' dir='ltr'><strong>illum</strong></span> 
     </span>
     <span class='ocr_line' id='line_1_18' title="bbox 176 2146 1289 2230; baseline 0.004 -26"><span class='ocrx_word' id='word_1_116' title='bbox 176 2146 394 2210; x_wconf 68' lang='lat' dir='ltr'><strong>nnenurendie</strong></span> <span class='ocrx_word' id='word_1_117' title='bbox 409 2155 581 2230; x_wconf 91' lang='lat' dir='ltr'><strong>noctuque</strong></span> <span class='ocrx_word' id='word_1_118' title='bbox 603 2149 852 2213; x_wconf 87' lang='lat' dir='ltr'><strong>incessabiliter</strong></span> <span class='ocrx_word' id='word_1_119' title='bbox 873 2148 1044 2229; x_wconf 81' lang='lat' dir='ltr'><strong>fatigavit.</strong></span> <span class='ocrx_word' id='word_1_120' title='bbox 1098 2146 1186 2211; x_wconf 87' lang='lat' dir='ltr'><strong>Nati</strong></span> <span class='ocrx_word' id='word_1_121' title='bbox 1208 2152 1289 2209; x_wconf 90' lang='lat' dir='ltr'><strong>sunt</strong></span> 
     </span>
     <span class='ocr_line' id='line_1_19' title="bbox 339 2246 1289 2330; baseline -0.004 -19"><span class='ocrx_word' id='word_1_122' title='bbox 339 2267 422 2329; x_wconf 85' lang='lat' dir='ltr'><strong>ergo</strong></span> <span class='ocrx_word' id='word_1_123' title='bbox 446 2249 478 2312; x_wconf 91' lang='lat' dir='ltr'><strong>ei</strong></span> <span class='ocrx_word' id='word_1_124' title='bbox 504 2248 565 2310; x_wconf 91' lang='lat' dir='ltr'><strong>filii</strong></span> <span class='ocrx_word' id='word_1_125' title='bbox 593 2255 628 2312; x_wconf 93' lang='lat' dir='ltr'><strong>et</strong></span> <span class='ocrx_word' id='word_1_126' title='bbox 653 2248 732 2310; x_wconf 86' lang='lat' dir='ltr'><strong>filiae</strong></span> <span class='ocrx_word' id='word_1_127' title='bbox 756 2248 798 2311; x_wconf 91' lang='lat' dir='ltr'><strong>de</strong></span> <span class='ocrx_word' id='word_1_128' title='bbox 826 2248 1026 2330; x_wconf 90' lang='lat' dir='ltr'><strong>supradicta</strong></span> <span class='ocrx_word' id='word_1_129' title='bbox 1051 2246 1199 2330; x_wconf 89' lang='lat' dir='ltr'><strong>conjuge</strong></span> <span class='ocrx_word' id='word_1_130' title='bbox 1225 2264 1289 2309; x_wconf 93' lang='lat' dir='ltr'><strong>sua</strong></span> 
     </span>
     <span class='ocr_line' id='line_1_20' title="bbox 340 2346 1288 2431; baseline 0.001 -23"><span class='ocrx_word' id='word_1_131' title='bbox 340 2346 566 2422; x_wconf 85' lang='lat' dir='ltr'><strong>Ealhswitha,</strong></span> <span class='ocrx_word' id='word_1_132' title='bbox 595 2346 776 2428; x_wconf 85' lang='lat' dir='ltr'><strong>AEgelllaed</strong></span> <span class='ocrx_word' id='word_1_133' title='bbox 804 2347 1045 2431; x_wconf 85' lang='lat' dir='ltr'><strong>primogenita,</strong></span> <span class='ocrx_word' id='word_1_134' title='bbox 1074 2354 1153 2430; x_wconf 87' lang='lat' dir='ltr'><strong>post</strong></span> <span class='ocrx_word' id='word_1_135' title='bbox 1184 2366 1288 2429; x_wconf 90' lang='lat' dir='ltr'><strong>quam</strong></span> 
     </span>
     <span class='ocr_line' id='line_1_21' title="bbox 340 2444 1289 2531; baseline 0.001 -24"><span class='ocrx_word' id='word_1_136' title='bbox 340 2444 526 2522; x_wconf 88' lang='lat' dir='ltr'><strong>Eadward,</strong></span> <span class='ocrx_word' id='word_1_137' title='bbox 542 2446 663 2510; x_wconf 90' lang='lat' dir='ltr'><strong>deinde</strong></span> <span class='ocrx_word' id='word_1_138' title='bbox 681 2445 926 2528; x_wconf 80' lang='lat' dir='ltr'><strong>AEthelgeovu,</strong></span> <span class='ocrx_word' id='word_1_139' title='bbox 943 2456 1065 2530; x_wconf 87' lang='lat' dir='ltr'><strong>postea</strong></span> <span class='ocrx_word' id='word_1_140' title='bbox 1084 2446 1289 2531; x_wconf 89' lang='lat' dir='ltr'><strong>AElfthryth,</strong></span> 
     </span>
     <span class='ocr_line' id='line_1_22' title="bbox 339 2543 1289 2622; baseline 0.002 -16"><span class='ocrx_word' id='word_1_141' title='bbox 339 2544 461 2608; x_wconf 88' lang='lat' dir='ltr'><strong>deinde</strong></span> <span class='ocrx_word' id='word_1_142' title='bbox 494 2543 706 2609; x_wconf 87' lang='lat' dir='ltr'><strong>AEtbelward</strong></span> <span class='ocrx_word' id='word_1_143' title='bbox 739 2552 841 2611; x_wconf 86' lang='lat' dir='ltr'><strong>natus</strong></span> <span class='ocrx_word' id='word_1_144' title='bbox 868 2555 933 2612; x_wconf 89' lang='lat' dir='ltr'><strong>est.</strong></span> <span class='ocrx_word' id='word_1_145' title='bbox 993 2546 1203 2622; x_wconf 86' lang='lat' dir='ltr'><strong>AEtbelllaed,</strong></span> <span class='ocrx_word' id='word_1_146' title='bbox 1228 2545 1289 2609; x_wconf 93' lang='lat' dir='ltr'><strong>ad-</strong></span> 
     </span>
     <span class='ocr_line' id='line_1_23' title="bbox 340 2644 1289 2729; baseline 0.003 -23"><span class='ocrx_word' id='word_1_147' title='bbox 340 2644 495 2708; x_wconf 89' lang='lat' dir='ltr'><strong>veniente</strong></span> <span class='ocrx_word' id='word_1_148' title='bbox 533 2645 740 2710; x_wconf 86' lang='lat' dir='ltr'><strong>matrimonii</strong></span> <span class='ocrx_word' id='word_1_149' title='bbox 774 2654 939 2729; x_wconf 88' lang='lat' dir='ltr'><strong>tempore,</strong></span> <span class='ocrx_word' id='word_1_150' title='bbox 972 2647 1161 2711; x_wconf 88' lang='lat' dir='ltr'><strong>AEtheredo</strong></span> <span class='ocrx_word' id='word_1_151' title='bbox 1194 2646 1289 2710; x_wconf 90' lang='lat' dir='ltr'><strong>Mer·</strong></span> 
     </span>
     <span class='ocr_line' id='line_1_24' title="bbox 338 2744 1287 2831; baseline 0.003 -25"><span class='ocrx_word' id='word_1_152' title='bbox 338 2744 467 2808; x_wconf 91' lang='lat' dir='ltr'><strong>ciorum</strong></span> <span class='ocrx_word' id='word_1_153' title='bbox 494 2746 609 2810; x_wconf 90' lang='lat' dir='ltr'><strong>comiti</strong></span> <span class='ocrx_word' id='word_1_154' title='bbox 634 2746 851 2810; x_wconf 90' lang='lat' dir='ltr'><strong>matrimonio</strong></span> <span class='ocrx_word' id='word_1_155' title='bbox 869 2749 1032 2831; x_wconf 90' lang='lat' dir='ltr'><strong>copulata</strong></span> <span class='ocrx_word' id='word_1_156' title='bbox 1055 2754 1128 2825; x_wconf 85' lang='lat' dir='ltr'><strong>est3</strong></span> <span class='ocrx_word' id='word_1_157' title='bbox 1154 2746 1287 2810; x_wconf 88' lang='lat' dir='ltr'><strong>AEthel-</strong></span> 
     </span>
     <span class='ocr_line' id='line_1_25' title="bbox 338 2843 1288 2927; baseline 0.003 -21"><span class='ocrx_word' id='word_1_158' title='bbox 338 2843 440 2924; x_wconf 87' lang='lat' dir='ltr'><strong>geofu</strong></span> <span class='ocrx_word' id='word_1_159' title='bbox 467 2846 664 2910; x_wconf 83' lang='lat' dir='ltr'><strong>monasticae</strong></span> <span class='ocrx_word' id='word_1_160' title='bbox 689 2845 770 2910; x_wconf 85' lang='lat' dir='ltr'><strong>vitae</strong></span> <span class='ocrx_word' id='word_1_161' title='bbox 796 2847 936 2927; x_wconf 88' lang='lat' dir='ltr'><strong>regulis,</strong></span> <span class='ocrx_word' id='word_1_162' title='bbox 963 2848 1089 2911; x_wconf 87' lang='lat' dir='ltr'><strong>devota</strong></span> <span class='ocrx_word' id='word_1_163' title='bbox 1114 2846 1190 2910; x_wconf 91' lang='lat' dir='ltr'><strong>Deo</strong></span> <span class='ocrx_word' id='word_1_164' title='bbox 1220 2846 1288 2911; x_wconf 91' lang='lat' dir='ltr'><strong>vir·</strong></span> 
     </span>
     <span class='ocr_line' id='line_1_26' title="bbox 337 2943 1289 3027; baseline 0.004 -21"><span class='ocrx_word' id='word_1_165' title='bbox 337 2943 493 3024; x_wconf 87' lang='lat' dir='ltr'><strong>ginitate,</strong></span> <span class='ocrx_word' id='word_1_166' title='bbox 510 2944 692 3027; x_wconf 85' lang='lat' dir='ltr'><strong>subjuncta</strong></span> <span class='ocrx_word' id='word_1_167' title='bbox 721 2955 756 3009; x_wconf 92' lang='lat' dir='ltr'><strong>et</strong></span> <span class='ocrx_word' id='word_1_168' title='bbox 784 2956 996 3024; x_wconf 85' lang='lat' dir='ltr'><strong>consecrata,</strong></span> <span class='ocrx_word' id='word_1_169' title='bbox 1012 2947 1165 3011; x_wconf 91' lang='lat' dir='ltr'><strong>divinum</strong></span> <span class='ocrx_word' id='word_1_170' title='bbox 1184 2948 1289 3011; x_wconf 89' lang='lat' dir='ltr'><strong>subiit</strong></span> 
     </span>
     <span class='ocr_line' id='line_1_27' title="bbox 337 3043 1288 3131; baseline 0.005 -25"><span class='ocrx_word' id='word_1_171' title='bbox 337 3043 516 3108; x_wconf 88' lang='lat' dir='ltr'><strong>servitium</strong></span> <span class='ocrx_word' id='word_1_172' title='bbox 529 3062 537 3122; x_wconf 91' lang='lat'>;</span> <span class='ocrx_word' id='word_1_173' title='bbox 563 3043 789 3120; x_wconf 88' lang='lat' dir='ltr'><strong>AEthelward,</strong></span> <span class='ocrx_word' id='word_1_174' title='bbox 805 3047 963 3112; x_wconf 91' lang='lat' dir='ltr'><strong>omnibus</strong></span> <span class='ocrx_word' id='word_1_175' title='bbox 982 3047 1111 3131; x_wconf 92' lang='lat' dir='ltr'><strong>junior,</strong></span> <span class='ocrx_word' id='word_1_176' title='bbox 1126 3047 1288 3111; x_wconf 83' lang='lat' dir='ltr'><strong>literariae</strong></span> 
     </span>
     <span class='ocr_line' id='line_1_28' title="bbox 337 3143 1289 3229; baseline 0.003 -23"><span class='ocrx_word' id='word_1_177' title='bbox 337 3143 536 3224; x_wconf 86' lang='lat' dir='ltr'><strong>disciplinae,</strong></span> <span class='ocrx_word' id='word_1_178' title='bbox 567 3143 683 3208; x_wconf 87' lang='lat' dir='ltr'><strong>divino</strong></span> <span class='ocrx_word' id='word_1_179' title='bbox 723 3147 864 3210; x_wconf 91' lang='lat' dir='ltr'><strong>consilio</strong></span> <span class='ocrx_word' id='word_1_180' title='bbox 905 3147 1163 3228; x_wconf 85' lang='lat' dir='ltr'><strong>admirabilique</strong></span> <span class='ocrx_word' id='word_1_181' title='bbox 1196 3149 1289 3229; x_wconf 90' lang='lat' dir='ltr'><strong>regis</strong></span> 
     </span>
     <span class='ocr_line' id='line_1_29' title="bbox 336 3242 1288 3329; baseline 0.007 -25"><span class='ocrx_word' id='word_1_182' title='bbox 336 3242 564 3323; x_wconf 87' lang='lat' dir='ltr'><strong>providentia,</strong></span> <span class='ocrx_word' id='word_1_183' title='bbox 583 3251 617 3307; x_wconf 91' lang='lat' dir='ltr'><strong>et</strong></span> <span class='ocrx_word' id='word_1_184' title='bbox 633 3264 750 3309; x_wconf 88' lang='lat' dir='ltr'><strong>omnes</strong></span> <span class='ocrx_word' id='word_1_185' title='bbox 766 3266 853 3328; x_wconf 90' lang='lat' dir='ltr'><strong>pene</strong></span> <span class='ocrx_word' id='word_1_186' title='bbox 869 3247 975 3311; x_wconf 90' lang='lat' dir='ltr'><strong>totius</strong></span> <span class='ocrx_word' id='word_1_187' title='bbox 991 3248 1141 3329; x_wconf 84' lang='lat' dir='ltr'><strong>regionis</strong></span> <span class='ocrx_word' id='word_1_188' title='bbox 1156 3247 1288 3311; x_wconf 89' lang='lat' dir='ltr'><strong>nobiles</strong></span> 
     </span>
    </p>

    <p class='ocr_par' dir='ltr' id='par_1_5' title="bbox 336 3341 1291 3927">
     <span class='ocr_line' id='line_1_30' title="bbox 336 3341 1288 3429; baseline 0.007 -25"><span class='ocrx_word' id='word_1_189' title='bbox 336 3349 371 3405; x_wconf 89' lang='lat' dir='ltr'><strong>et</strong></span> <span class='ocrx_word' id='word_1_190' title='bbox 383 3341 486 3406; x_wconf 90' lang='lat' dir='ltr'><strong>etiam</strong></span> <span class='ocrx_word' id='word_1_191' title='bbox 501 3343 602 3407; x_wconf 91' lang='lat' dir='ltr'><strong>multi</strong></span> <span class='ocrx_word' id='word_1_192' title='bbox 610 3345 790 3425; x_wconf 86' lang='lat' dir='ltr'><strong>ignobiles,</strong></span> <span class='ocrx_word' id='word_1_193' title='bbox 807 3348 871 3410; x_wconf 92' lang='lat' dir='ltr'><strong>sub</strong></span> <span class='ocrx_word' id='word_1_194' title='bbox 881 3346 1035 3429; x_wconf 84' lang='lat' dir='ltr'><strong>diligenti</strong></span> <span class='ocrx_word' id='word_1_195' title='bbox 1046 3347 1288 3428; x_wconf 87' lang='lat' dir='ltr'><strong>magistrorum</strong></span> 
     </span>
     <span class='ocr_line' id='line_1_31' title="bbox 337 3442 1289 3530; baseline 0.006 -26"><span class='ocrx_word' id='word_1_196' title='bbox 337 3461 431 3519; x_wconf 87' lang='lat' dir='ltr'><strong>cura,</strong></span> <span class='ocrx_word' id='word_1_197' title='bbox 463 3442 580 3506; x_wconf 89' lang='lat' dir='ltr'><strong>traditi</strong></span> <span class='ocrx_word' id='word_1_198' title='bbox 605 3451 697 3522; x_wconf 89' lang='lat' dir='ltr'><strong>sunt,</strong></span> <span class='ocrx_word' id='word_1_199' title='bbox 727 3453 766 3510; x_wconf 93' lang='lat' dir='ltr'><strong>ut</strong></span> <span class='ocrx_word' id='word_1_200' title='bbox 797 3455 983 3528; x_wconf 89' lang='lat' dir='ltr'><strong>autequam</strong></span> <span class='ocrx_word' id='word_1_201' title='bbox 1006 3454 1106 3530; x_wconf 90' lang='lat' dir='ltr'><strong>aptas</strong></span> <span class='ocrx_word' id='word_1_202' title='bbox 1130 3446 1289 3510; x_wconf 88' lang='lat' dir='ltr'><strong>humanis</strong></span> 
     </span>
     <span class='ocr_line' id='line_1_32' title="bbox 337 3542 1290 3623; baseline 0.005 -19"><span class='ocrx_word' id='word_1_203' title='bbox 337 3543 467 3605; x_wconf 90' lang='lat' dir='ltr'><strong>artibus</strong></span> <span class='ocrx_word' id='word_1_204' title='bbox 493 3542 584 3606; x_wconf 80' lang='lat' dir='ltr'><strong>vires</strong></span> <span class='ocrx_word' id='word_1_205' title='bbox 612 3543 789 3623; x_wconf 88' lang='lat' dir='ltr'><strong>habereut,</strong></span> <span class='ocrx_word' id='word_1_206' title='bbox 816 3546 1015 3612; x_wconf 88' lang='lat' dir='ltr'><strong>liberalibus</strong></span> <span class='ocrx_word' id='word_1_207' title='bbox 1039 3549 1290 3612; x_wconf 88' lang='lat' dir='ltr'><strong>instruerentur</strong></span> 
     </span>
     <span class='ocr_line' id='line_1_33' title="bbox 337 3641 1289 3730; baseline 0.007 -26"><span class='ocrx_word' id='word_1_208' title='bbox 337 3642 478 3705; x_wconf 86' lang='lat' dir='ltr'><strong>artibus.</strong></span> <span class='ocrx_word' id='word_1_209' title='bbox 530 3641 703 3706; x_wconf 88' lang='lat' dir='ltr'><strong>Eadward</strong></span> <span class='ocrx_word' id='word_1_210' title='bbox 720 3655 755 3709; x_wconf 94' lang='lat' dir='ltr'><strong>et</strong></span> <span class='ocrx_word' id='word_1_211' title='bbox 778 3646 970 3730; x_wconf 88' lang='lat' dir='ltr'><strong>AElfthryth</strong></span> <span class='ocrx_word' id='word_1_212' title='bbox 989 3666 1124 3730; x_wconf 89' lang='lat' dir='ltr'><strong>semper</strong></span> <span class='ocrx_word' id='word_1_213' title='bbox 1138 3647 1172 3709; x_wconf 93' lang='lat' dir='ltr'><strong>in</strong></span> <span class='ocrx_word' id='word_1_214' title='bbox 1190 3655 1289 3712; x_wconf 91' lang='lat' dir='ltr'><strong>curto</strong></span> 
     </span>
     <span class='ocr_line' id='line_1_34' title="bbox 337 3740 1290 3829; baseline 0.007 -28"><span class='ocrx_word' id='word_1_215' title='bbox 337 3741 433 3821; x_wconf 89' lang='lat' dir='ltr'><strong>regio</strong></span> <span class='ocrx_word' id='word_1_216' title='bbox 459 3740 592 3818; x_wconf 93' lang='lat' dir='ltr'><strong>nutriti,</strong></span> <span class='ocrx_word' id='word_1_217' title='bbox 621 3762 689 3805; x_wconf 92' lang='lat' dir='ltr'><strong>non</strong></span> <span class='ocrx_word' id='word_1_218' title='bbox 717 3745 790 3809; x_wconf 90' lang='lat' dir='ltr'><strong>sine</strong></span> <span class='ocrx_word' id='word_1_219' title='bbox 815 3745 948 3810; x_wconf 90' lang='lat' dir='ltr'><strong>liberali</strong></span> <span class='ocrx_word' id='word_1_220' title='bbox 982 3746 1174 3829; x_wconf 87' lang='lat' dir='ltr'><strong>disciplina,</strong></span> <span class='ocrx_word' id='word_1_221' title='bbox 1200 3748 1290 3812; x_wconf 88' lang='lat' dir='ltr'><strong>inter</strong></span> 
     </span>
     <span class='ocr_line' id='line_1_35' title="bbox 338 3840 1291 3927; baseline 0.008 -25"><span class='ocrx_word' id='word_1_222' title='bbox 338 3848 463 3903; x_wconf 85' lang='lat' dir='ltr'><strong>caetera</strong></span> <span class='ocrx_word' id='word_1_223' title='bbox 493 3840 674 3923; x_wconf 85' lang='lat' dir='ltr'><strong>praesentis</strong></span> <span class='ocrx_word' id='word_1_224' title='bbox 711 3842 792 3908; x_wconf 84' lang='lat' dir='ltr'><strong>vitae</strong></span> <span class='ocrx_word' id='word_1_225' title='bbox 825 3845 952 3921; x_wconf 87' lang='lat' dir='ltr'><strong>studia,</strong></span> <span class='ocrx_word' id='word_1_226' title='bbox 984 3847 1135 3927; x_wconf 88' lang='lat' dir='ltr'><strong>psalmos</strong></span> <span class='ocrx_word' id='word_1_227' title='bbox 1164 3853 1199 3910; x_wconf 91' lang='lat' dir='ltr'><strong>et</strong></span> <span class='ocrx_word' id='word_1_228' title='bbox 1229 3847 1291 3910; x_wconf 88' lang='lat' dir='ltr'><strong>Sa·</strong></span> 
     </span>
    </p>
   </div>
   <div class='ocr_carea' id='block_1_3' title="bbox 337 3941 1290 4105">
    <p class='ocr_par' dir='ltr' id='par_1_6' title="bbox 337 3941 1290 4105">
     <span class='ocr_line' id='line_1_36' title="bbox 337 3941 1290 4026; baseline 0.013 -27"><span class='ocrx_word' id='word_1_229' title='bbox 337 3941 496 4002; x_wconf 86' lang='lat' dir='ltr'><strong>xonicos·</strong></span> <span class='ocrx_word' id='word_1_230' title='bbox 517 3941 635 4016; x_wconf 89' lang='lat' dir='ltr'><strong>libros,</strong></span> <span class='ocrx_word' id='word_1_231' title='bbox 670 3944 890 4026; x_wconf 86' lang='lat' dir='ltr'><strong>maximeque</strong></span> <span class='ocrx_word' id='word_1_232' title='bbox 924 3944 1098 4009; x_wconf 89' lang='lat' dir='ltr'><strong>Saxonica</strong></span> <span class='ocrx_word' id='word_1_233' title='bbox 1125 3946 1290 4022; x_wconf 89' lang='lat' dir='ltr'><strong>carmina,</strong></span> 
     </span>
     <span class='ocr_line' id='line_1_37' title="bbox 338 4038 697 4105; baseline 0.019 -7"><span class='ocrx_word' id='word_1_234' title='bbox 338 4038 489 4102; x_wconf 88' lang='lat' dir='ltr'><strong>studiose</strong></span> <span class='ocrx_word' id='word_1_235' title='bbox 505 4039 697 4105; x_wconf 86' lang='lat' dir='ltr'><strong>dedicere.&#39;’</strong></span> 
     </span>
    </p>
   </div>
   <div class='ocr_carea' id='block_1_4' title="bbox 174 4135 1369 4234">
    <p class='ocr_par' dir='ltr' id='par_1_7' title="bbox 174 4135 1369 4234">
     <span class='ocr_line' id='line_1_38' title="bbox 174 4135 1369 4234; baseline -0.001 -30"><span class='ocrx_word' id='word_1_236' title='bbox 174 4135 308 4234; x_wconf 53' lang='grc' dir='ltr'><strong>ξξξξῗξῖξ·</strong></span> <span class='ocrx_word' id='word_1_237' title='bbox 388 4138 470 4200; x_wconf 88' lang='lat' dir='ltr'><strong>“At</strong></span> <span class='ocrx_word' id='word_1_238' title='bbox 500 4159 559 4202; x_wconf 89' lang='lat' dir='ltr'><strong>rex</strong></span> <span class='ocrx_word' id='word_1_239' title='bbox 595 4139 775 4205; x_wconf 87' lang='lat' dir='ltr'><strong>AEll&#39;redus</strong></span> <span class='ocrx_word' id='word_1_240' title='bbox 802 4143 891 4205; x_wconf 91' lang='lat' dir='ltr'><strong>inter</strong></span> <span class='ocrx_word' id='word_1_241' title='bbox 924 4142 1016 4206; x_wconf 88' lang='lat' dir='ltr'><strong>bella</strong></span> <span class='ocrx_word' id='word_1_242' title='bbox 1046 4152 1081 4207; x_wconf 91' lang='lat' dir='ltr'><strong>et</strong></span> <span class='ocrx_word' id='word_1_243' title='bbox 1110 4146 1291 4228; x_wconf 86' lang='lat' dir='ltr'><strong>praesentis</strong></span> <span class='ocrx_word' id='word_1_244' title='bbox 1365 4191 1369 4203; x_wconf 86' lang='grc'>.</span> 
     </span>
    </p>
   </div>
   <div class='ocr_carea' id='block_1_5' title="bbox 0 0 1478 4860">
    <p class='ocr_par' dir='ltr' id='par_1_8' title="bbox 0 0 1478 4860">
     <span class='ocr_line' id='line_1_39' title="bbox 0 0 1478 4860; baseline 0 0"><span class='ocrx_word' id='word_1_245' title='bbox 0 0 1478 4860; x_wconf 95' lang='lat' dir='ltr'><strong> </strong></span> 
     </span>
    </p>
   </div>
  </div>
 </body>
</html>
