2940 4860
340 398 384 463 76
713 414 923 464 canonicor

341 573 541 641 AEthelwlfo
557 595 638 657 rege
652 594 674 640 a
692 574 816 654 Roma,
827 581 902 641 tota
917 573 978 638 illa
993 593 1090 656 gens,
1101 579 1141 637 ut
1149 573 1291 655 dignum

340 683 426 752 erat,
442 675 478 739 in
493 675 645 741 adventu
665 676 808 740 senioris
830 676 881 740 ita
905 675 1028 757 gavisa
1041 681 1104 751 est,
1121 680 1172 751 ut,
1188 674 1217 737 si
1232 673 1291 738 ille

339 775 564 856 permitteret,
576 777 785 859 pertinacem
795 776 902 840 lilium
912 796 1012 840 suum
1018 774 1290 852 AEthelbaldum‚

339 893 418 938 cnm
432 878 588 941 omnibus
603 877 674 941 suis
690 876 905 953 consiliariis,
921 895 943 940 a
960 877 1068 941 totius
1084 877 1182 957 regni
1197 882 1291 940 sorte

339 977 513 1062 expellere
543 977 681 1042 vellent.
736 976 803 1040 Sed
830 976 900 1054 ille,
925 984 967 1045 ut
995 976 1157 1053 diximus,
1184 975 1291 1040 nimia

339 1076 519 1142 clementia
541 1086 576 1142 et
602 1077 761 1160 prudenti
780 1077 922 1142 consilio
946 1096 1041 1155 usne,
1066 1096 1108 1140 ne
1126 1077 1169 1141 ad
1193 1077 1291 1159 regni

176 1194 328 1286 wrm
339 1178 529 1260 periculum
540 1179 746 1261 perveniret,
758 1179 808 1242 ita
823 1177 1032 1257 fierinoluit3
1056 1184 1090 1241 et
1101 1176 1125 1241 J
1127 1177 1289 1242 uthittam

340 1278 464 1343 Karoli
481 1280 572 1362 regis
596 1278 714 1357 filiam,
731 1298 835 1360 quam
851 1287 986 1360 apatre
1010 1297 1073 1341 suo
1097 1286 1289 1361 acceperat,

253 1418 255 1422 ,
334 1378 441 1462 juxta
467 1399 504 1443 se
528 1380 564 1443 in
588 1380 698 1461 regali
718 1379 816 1456 solio,
839 1380 913 1442 sine
931 1379 1048 1461 aliqua
1063 1399 1205 1443 suorum
1228 1398 1289 1442 no-

337 1478 457 1542 bilium
472 1479 707 1545 controversia
724 1487 759 1543 et
772 1479 863 1557 odio,
879 1479 1047 1562 usquead
1063 1480 1193 1544 obitum
1210 1480 1289 1545 vitae

337 1597 423 1657 suae,
455 1587 577 1645 contra
606 1600 803 1662 perversam
838 1578 932 1644 illius
961 1581 1074 1662 gentis
1105 1589 1289 1646 consuetu-

338 1679 463 1758 dinem,
489 1681 607 1744 sedere
634 1681 827 1764 imperavit.
881 1679 977 1745 Gens
1008 1700 1157 1764 namque
1189 1681 1289 1746 Occi-

338 1780 527 1845 dentalium
550 1780 727 1845 Saxonum
743 1783 897 1863 reginam
915 1781 1022 1865 juxta
1040 1802 1157 1863 regem
1172 1782 1290 1848 sedere

338 1900 407 1945 non
439 1883 581 1964 patitur,
612 1902 674 1946 nec
703 1884 807 1946 etiam
838 1882 992 1965 reginam
1025 1883 1204 1965 appellari,
1229 1884 1289 1948 sed

339 1982 430 2064 regis
459 1983 641 2068 conjugem
677 1981 868 2065 permittit.¹
921 1981 1010 2061 Quae
1042 1985 1289 2061 controversia,

338 2083 442 2147 immo
467 2081 621 2161 infamia,
637 2083 679 2147 de
704 2083 852 2168 quadam
876 2083 1042 2164 pertinaci
1067 2090 1102 2147 et
1127 2084 1290 2150 malivola

338 2175 491 2267 ejusdem
507 2185 620 2267 gentis
636 2184 755 2274 regina
778 2192 855 2248 orta
878 2190 942 2259 est,
959 2183 1146 2268 majoribus
1163 2187 1290 2250 nostris

337 2285 387 2348 sic
413 2285 677 2350 attestantibus:
705 2284 786 2349 Fuit
810 2285 845 2348 in
862 2283 994 2347 Mercia
1017 2284 1179 2349 moderno
1204 2293 1289 2350 tem-

337 2405 421 2467 pore
448 2386 587 2467 quidam
617 2393 777 2448 strenuus
806 2405 868 2449 rex
900 2385 1038 2448 nomine
1069 2384 1159 2463 Offa,
1190 2386 1289 2471 cujus

337 2484 443 2548 filiam
473 2486 609 2548 nomine
633 2485 809 2562 Eadburh,
835 2484 986 2549 Brihtric
1017 2485 1289 2551 Occidentalium

337 2583 515 2648 Saxonum
539 2604 611 2661 rex,
629 2593 667 2649 ut
691 2586 926 2667 praediximus,
942 2586 1007 2650 sibi
1031 2587 1066 2649 in
1091 2587 1287 2670 conjugium

338 2687 490 2767 accepit;
515 2705 593 2768 quae
616 2704 699 2748 mox
721 2686 897 2768 tyrannice
923 2686 1050 2765 vivere,
1075 2690 1190 2752 omnia
1215 2689 1289 2754 odi-

336 2785 420 2850 bilia
444 2786 521 2850 Deo
550 2793 586 2850 et
614 2785 807 2849 hominibus
837 2785 961 2865 facere,
989 2806 1076 2869 quos
1100 2797 1217 2870 posset
1245 2791 1288 2854 ad

336 2905 452 2967 regem
468 2906 640 2963 accusare,
657 2894 692 2951 et
716 2886 765 2950 sic
780 2887 854 2951 vita
878 2896 939 2952 aut
964 2895 1138 2970 potestate
1153 2911 1214 2972 per
1228 2884 1288 2954 'in-

335 2985 440 3050 sidias
455 2986 613 3069 privare:
637 2994 672 3051 et
695 2986 725 3050 si
750 3006 772 3050 a
797 3007 878 3069 rege
902 2988 987 3052 illud
1005 3008 1072 3052 non
1087 2999 1205 3073 posset
1221 2992 1284 3055 im-

336 3094 484 3168 petrare,
508 3106 639 3151 veneno
664 3106 722 3151 eos
745 3089 850 3170 coepit
869 3107 1002 3154 necare.
1055 3090 1134 3155 Hoc
1157 3091 1286 3156 lactum

335 3186 378 3250 de
395 3187 610 3252 adolescente
626 3189 776 3271 quodam
798 3190 871 3270 regi
894 3189 1115 3256 dilectissimo
1140 3191 1287 3257 habetur

335 3283 559 3374 compertum,
586 3309 689 3372 quem
715 3310 792 3353 cum
818 3290 860 3354 ad
890 3310 1006 3372 regem
1035 3311 1198 3357 accusare
1219 3315 1288 3359 non

335 3396 463 3472 posset,
475 3409 606 3454 veneno
621 3410 699 3453 eum
714 3391 870 3454 necavit:
895 3390 937 3454 de
953 3410 1021 3473 quo
1036 3412 1168 3456 veneno
1184 3395 1287 3459 etiam

335 3491 500 3572 praetatus
523 3511 587 3554 rex
613 3490 761 3555 Brihtric
777 3491 960 3556 inscienter
984 3500 1143 3574 gustasse
1159 3495 1287 3577 aliquid

335 3591 503 3671 refertur;
527 3610 640 3675 neque
655 3593 746 3654 enim
760 3591 822 3655 illa
836 3613 1005 3656 venenum
1022 3593 1103 3657 dare
1119 3597 1192 3677 regi
1206 3616 1287 3678 pro-

335 3699 510 3774 posuerat,
527 3691 587 3755 sed
607 3711 736 3775 puero;
762 3692 822 3755 sed
838 3713 901 3757 rex
923 3697 1191 3777 praeoccupavit,
1209 3697 1288 3762 inde

335 3793 435 3856 ambo
460 3792 624 3874 periere.''
677 3791 747 3855 Pro
774 3791 969 3874 hujusmodi
996 3795 1125 3875 reginae
1142 3797 1286 3877 malitia,

369 3953 376 3984 ¹
394 3954 544 4017 Permittit]
579 3954 618 4002 As
629 3953 671 4001 the
686 3952 797 4014 prohibi·
823 3953 956 4003 otherwise
974 3953 1034 4002 than
1051 3956 1124 4017 place
1146 3957 1238 4007 Judith
1256 3976 1289 4010 on

331 4026 384 4075 tion
411 4024 535 4086 regarded
560 4024 602 4073 the
627 4023 748 4085 kingdom
771 4024 800 4072 of
823 4022 862 4072 his
875 4024 1040 4086 throne‚with
1048 4027 1089 4074 the
1097 4027 1152 4076 title
1160 4028 1190 4076 ol
1196 4045 1288 4095 queen,
1362 4084 1366 4090 ,

332 4098 440 4147 Wessex
451 4095 519 4158 only,
531 4099 557 4142 at
572 4095 627 4143 that
641 4095 701 4143 time
715 4095 797 4142 under
822 4095 847 4142 in
860 4110 876 4143 a
890 4097 1006 4156 territory
1017 4097 1101 4147 where
1113 4113 1144 4147 no
1156 4099 1218 4149 such
1230 4116 1288 4162 pro-

332 4169 374 4217 the
401 4168 561 4229 government
589 4165 618 4213 of
644 4165 798 4227 AEthelbeld,
822 4164 929 4216 hibition
939 4165 1047 4215 existed.

333 4236 483 4290 AEthelwulf
519 4233 594 4287 could
629 4234 720 4297 hardly
756 4240 796 4285 act
