2940 4860
387 412 580 463 sionnurn
608 409 892 461 wrconmnnsm.
1044 393 1112 459 185

161 570 276 635 misit:
300 572 443 635 timebat
464 570 554 634 enim
579 571 622 633 ab
644 569 705 634 illo
728 569 782 633 vel
806 569 880 633 vita
901 568 1032 652 privari
1056 570 1109 634 vel

161 690 268 753 regno
284 671 425 754 expelli.
831 730 835 739 f

212 770 404 837 Praedictus
421 789 536 835 comes
560 769 688 833 Hacun
704 770 740 832 in
762 770 850 833 mari
872 766 1008 851 periit:¹
1035 768 1110 850 qui·
1136 789 1266 830 snum.

161 870 242 933 dam
262 880 378 935 tamen
393 871 513 935 dicunt
529 890 608 934 eum
624 870 731 934 fuisse
748 869 900 932 occisum
917 870 952 932 in
973 868 1110 933 Orcada
1122 855 1248 955 mn,

161 970 285 1035 insula.
338 971 485 1035 Sanctus
505 969 651 1046 Olavns,
669 989 731 1032 rex
750 975 784 1033 et
800 976 943 1052 martyr,
961 968 1109 1032 Haroldi
1123 967 1215 1046 lm„

161 1072 254 1152 regis
285 1069 567 1152 Norreganorum
601 1069 704 1147 filius,
729 1070 764 1133 in
793 1068 828 1133 N
830 1089 954 1151 orrega
982 1068 1110 1152 injuste
1123 1057 1184 1096 '¹⁸¹⁰‘

161 1172 341 1254 perimitur
358 1190 379 1235 a
395 1170 431 1235 N
433 1166 635 1250 οιιοςιιιιιι»2

213 1270 371 1336 Canutus
389 1290 453 1334 rex
473 1268 679 1351 Auglorum,
704 1266 897 1346 Bonorum,
917 1275 954 1332 et
979 1267 1015 1332 N
1017 1287 1109 1332 orre
1123 1282 1265 1396 ο1111111.

162 1388 341 1450 ganorum,
375 1370 419 1434 de
450 1369 678 1435 Denemarcia
711 1387 836 1449 magno
869 1388 947 1432 cum
981 1347 1180 1433 honorc⁰¹¹¹¹
1123 1399 1230 1438 sosoma

163 1470 311 1534 Romam
335 1467 424 1546 ivit?
446 1477 482 1533 et
502 1469 537 1532 S
555 1468 672 1544 Petro,
687 1466 936 1549 Apostolorum
952 1469 1110 1551 principi,

161 1570 316 1650 ingentia
337 1569 442 1645 dona,
457 1570 494 1632 in
511 1588 597 1632 auro
613 1575 649 1631 et
666 1577 823 1648 argento,
839 1568 986 1650 aliisque
1008 1569 1110 1632 rebus

162 1669 322 1751 pretiosis
340 1670 476 1746 obtulit,
497 1675 533 1733 et
550 1688 571 1732 a
588 1667 611 1732 J
615 1667 751 1732 ohanne
772 1669 876 1751 papa,
892 1678 931 1734 ut
948 1668 1110 1733 Scholam

161 1768 355 1850 Anglorum
378 1771 422 1832 ab
444 1770 536 1833 omni
562 1769 693 1832 tributo
719 1775 753 1831 et
773 1768 911 1832 thelone
934 1768 1109 1846 liberaret,

161 1869 380 1951 impetravit3
409 1877 444 1933 et
460 1869 497 1931 in
517 1868 629 1933 eundo
647 1875 682 1932 et
703 1867 875 1932 redeundo
891 1867 1007 1948 largas
1022 1888 1108 1950 pau-

162 1971 301 2057 perihus
335 1969 571 2052 eleemosynas
605 1968 774 2049 erogavit,
809 1987 850 2032 ac
887 1967 1014 2031 multas
1047 1989 1110 2051 per

161 2069 254 2133 viam
281 2069 471 2144 clausurae,
495 2069 553 2132 uhi
579 2068 696 2132 thelon
724 2087 745 2131 a
772 2066 962 2151 peregrinis
991 2074 1108 2132 extor-

162 2171 344 2250 quebatur,
367 2169 500 2250 ingenti
529 2168 641 2251 pretio
672 2167 767 2244 dato,
783 2167 986 2250 dissipavit.
1038 2167 1109 2232 Hic

162 2269 266 2332 etiam
290 2276 370 2333 ante
400 2269 619 2352 sepulchrum
654 2267 901 2351 Apostolorum
932 2287 1004 2331 suae
1028 2267 1109 2333 vitae

161 2388 364 2451 morumque
382 2368 655 2433 emendationem
678 2369 755 2433 Deo
778 2368 937 2446 devovit3
961 2366 1052 2431 unde
1075 2379 1110 2435 et

162 2469 344 2550 epistolam
359 2468 524 2534 memoria
541 2469 694 2550 dignam,
713 2487 773 2550 per
788 2468 901 2531 virum
916 2467 1110 2550 prudentis-

161 2569 286 2631 simum
312 2567 511 2650 Livingum,
537 2577 621 2633 tunc
644 2566 932 2632 Teavestokensis
955 2569 1109 2633 ccclesiae

161 2670 332 2744 abbatem,
355 2676 435 2750 post
455 2688 536 2732 vero
556 2689 639 2733 mox
660 2668 780 2732 eodem
806 2688 897 2732 anno
916 2668 952 2731 in
975 2667 1108 2733 Cridia-

160 2768 314 2831 tunensis
335 2768 488 2832 ecclesiae
510 2769 714 2851 pontificatu
738 2767 911 2832 Eadnothi
934 2787 1109 2833 successo·

161 2888 245 2945 rem,
264 2869 324 2951 qui
341 2868 406 2931 sihi
429 2887 545 2932 comes
561 2869 693 2932 itineris
708 2868 836 2945 extitit,
852 2868 1009 2950 aliosque
1026 2889 1108 2933 suos

160 2968 295 3049 legatos
316 2967 481 3050 Angliam
503 2969 608 3044 misit,
632 2968 714 3031 dum
738 2968 812 3049 ipse
834 2967 949 3032 Roma
974 2969 1108 3033 rediens

160 3088 221 3150 per
244 3068 337 3131 viam
359 3087 463 3150 quam
488 3069 589 3145 ierat,
618 3067 879 3132 Denemaroiam
906 3069 1105 3151 priusquam

160 3168 325 3249 Angliam
341 3175 492 3250 peteret:
516 3168 615 3251 cujus
631 3167 787 3250 epistolae
805 3175 940 3230 textum
955 3167 1011 3232 hic
1027 3170 1108 3232 suh-

156 3269 304 3332 scribere
321 3267 464 3349 dignum
481 3268 656 3331 duximus.
771 3280 773 3284 ·

210 3367 367 3432 Canutus
392 3386 455 3430 rex
483 3369 591 3432 totius
618 3365 769 3447 Angliae,
798 3372 834 3428 et
858 3365 1232 3443 Denemarciae,nn10ner

194 3558 201 3588 ¹
219 3561 281 3611 Sux
293 3560 386 3611 chron.
630 3560 672 3646 ὀἰ
689 3559 805 3610 Cnut’s
793 3575 917 3622 Journey·
940 3561 960 3608 it
978 3560 1025 3610 has
1043 3561 1106 3610 with

191 3627 377 3680 ²Vensrabilis
408 3631 487 3679 abbas
516 3631 619 3679 Abben-
630 3604 718 3694 ffmuch
736 3631 888 3692 probability
906 3631 970 3680 been
987 3631 1106 3692 assigned

156 3701 239 3749 doniae
259 3700 410 3749 Adelwinus
432 3701 503 3762 obiit,
522 3702 564 3749 cui
587 3715 619 3749 ex
630 3700 803 3749 tethelattsr
813 3700 870 3748 hals
875 3700 904 3748 ol
912 3700 1105 3762 thsyear1026

156 3771 204 3820 hac
221 3771 274 3819 vitu
291 3770 423 3819 decedenti
434 3770 574 3832 Srwardus,
586 3785 619 3819 ex
642 3770 697 3820 'l'he
717 3771 841 3832 objection
862 3770 917 3818 that
935 3771 967 3818 he
986 3785 1041 3820 was
1062 3776 1106 3819 not

156 3840 328 3890 Glestoniensi
341 3839 457 3888 coenobio
472 3841 619 3902 monachus,
630 3868 632 3876 ν
643 3840 702 3889 then
714 3841 740 3888 in
745 3787 894 3902 possession
908 3839 937 3889 of
946 3840 1068 3903 Norway,
1079 3841 1108 3889 oi

155 3911 287 3971 successit,
298 3915 350 3958 tam
366 3909 527 3958 saecularium
542 3925 618 3972 quam
643 3909 727 3959 which
745 3909 778 3959 he
789 3912 867 3972 stylos
882 3909 986 3959 himself
999 3910 1070 3973 hing,
1082 3911 1104 3960 is

154 3981 383 4030 ecclesiasticarum
389 3981 475 4042 vigore
483 3981 618 4029 admodum
643 3981 673 4028 of
685 3995 718 4029 no
732 3986 803 4043 great
819 3979 924 4042 weight,
934 3981 1009 4043 being
1023 3995 1105 4043 uppa-

156 4051 243 4099 fultus.
272 4051 303 4099 L.
315 4052 371 4101 odd.
643 4051 725 4112 rently
738 4065 770 4098 an
785 4065 854 4099 error
863 4051 892 4099 of
905 4051 947 4099 the
958 4051 1022 4099 later
1033 4053 1105 4101 chro-

190 4119 320 4168 ³Romam
337 4119 406 4183 ivit]
442 4118 522 4168 Great
538 4119 618 4168 doubt
643 4121 742 4169 niclers.
778 4121 824 4169 See
848 4117 1037 4184 Lappenberg’s
1055 4123 1106 4170 En·

154 4192 265 4251 prevails
277 4190 338 4239 with
355 4195 454 4251 respect
465 4196 491 4238 to
506 4190 548 4238 the
559 4190 617 4238 date
643 4189 728 4252 gland,
740 4203 769 4240 ιι.
782 4206 808 4252 p.
820 4195 877 4240 211.
