2940 4860
404 407 595 457 amaruan
623 406 907 454 wroouursusrs.
1066 392 1133 456 277

443 627 482 668 1>ss
501 626 598 668 mlo
619 625 861 668 ammom.

229 742 354 805 Rsons
386 740 664 804 Cantwariorum
695 739 965 803 dominabantur
996 740 1135 820 proprie

179 843 215 905 iu
232 841 371 919 (lautia,
390 842 426 904 in
443 860 514 924 quo
535 848 618 904 sunt
640 839 677 902 bi
698 840 940 922 episcopatus:
965 837 1137 920 archiepi-

181 949 346 1025 scopatus
364 941 575 1006 Cantwariae
591 948 627 1004 et
640 939 861 1023 episcopatus
878 939 1075 1004 Hrosensis.

446 1153 485 1193 DE
505 1151 601 1193 BONO
621 1151 861 1194 ubst-mom.

233 1265 358 1329 Rauss
371 1263 670 1328 west-Saxonum
684 1264 952 1327 dominabantur
965 1264 1001 1328 in
1013 1263 1137 1328 Wilte·

184 1366 272 1428 scire
295 1372 331 1429 et
350 1363 566 1441 Berkescire,
583 1371 619 1428 et
636 1365 840 1428 Dorsetensi
858 1365 983 1446 pagis3
1011 1366 1137 1447 quibus

185 1472 238 1528 est
259 1484 350 1529 unus
371 1465 567 1546 episcopus,
582 1464 683 1547 cujus
700 1471 755 1527 est
776 1464 879 1527 modo
900 1465 1000 1528 sedes
1023 1464 1138 1528 Sales-

184 1565 310 1643 buriae3
332 1564 506 1647 quondam
521 1571 597 1627 erat
617 1564 671 1628 vel
692 1565 932 1628 Ramesburiae
949 1566 1004 1629 vel
1022 1565 1137 1629 Scire·

185 1666 324 1738 burnae;
349 1665 433 1728 etin
455 1663 666 1740 Suth-Sexa,
682 1684 761 1746 quae
780 1665 960 1747 aliquanto
983 1673 1138 1747 tempore

187 1764 306 1829 habuit
319 1765 496 1847 proprium
511 1783 640 1845 regem,
655 1774 800 1847 eratque
817 1764 917 1829 sedes
931 1763 1138 1846 episcopalis

186 1865 263 1947 ejus
288 1866 369 1948 pagi
394 1864 586 1946 antiquitus
615 1865 650 1927 in
671 1864 814 1940 Selesia,
840 1884 918 1946 quae
943 1873 997 1928 est
1023 1864 1140 1927 insula

186 1964 388 2028 circumflua
423 1973 543 2047 ponto,
575 1971 615 2027 ut
645 1965 744 2028 Beda
775 1972 904 2042 narrat,
936 1965 996 2027 nbi
1032 1965 1138 2028 etiam

188 2162 251 2211 nos!
268 2162 385 2224 Initoqne
396 2161 513 2223 consilio,
521 2160 650 2222 Stephano
675 2166 746 2223 geret
762 2162 950 2223 remansissent,
962 2166 1020 2210 ante
1037 2166 1138 2222 tempus

188 2233 282 2294 comiti,
302 2232 374 2280 fratri
392 2233 573 2280 wintoniensis
594 2232 650 2293 epi·
675 2231 749 2280 salcis
768 2232 802 2279 ad
819 2246 894 2280 usum
913 2246 1034 2292 equorum
1054 2233 1140 2291 potius

188 2304 267 2364 soopi,
278 2304 364 2364 nepoti
374 2303 442 2364 regis
455 2302 570 2363 Henrici,
580 2316 650 2349 coro·
676 2316 751 2363 quam
763 2302 797 2349 ad
808 2301 936 2350 hominum
948 2301 1074 2350 hostiliter
1084 2302 1139 2349 dis-

187 2374 521 2434 namregniimposuerunt.
558 2372 651 2421 Comes
676 2372 854 2432 trahebantur;
874 2377 994 2434 tantoque
1016 2371 1138 2432 quislibet

188 2444 274 2504 itaque
284 2443 452 2505 Andegaviae,
469 2443 588 2505 injuriam
601 2443 651 2491 sibi
676 2444 703 2490 in
724 2457 825 2491 carcere
852 2443 942 2491 durius
964 2441 1140 2504 torquebatur,

189 2513 292 2561 allatam
303 2513 452 2562 nonleriter
462 2512 555 2575 ferens,
565 2528 651 2575 regem
677 2518 771 2574 quanto
789 2513 848 2573 plus
866 2513 928 2573 quid
947 2512 1067 2560 daretne
1090 2516 1140 2559 tor-

190 2582 344 2644 Stepbanum
360 2584 502 2643 inquietare
519 2584 593 2632 valde
610 2597 652 2631 ce-
676 2588 797 2643 queretur
826 2582 956 2631 habebat:
990 2582 1035 2630 ille
1062 2582 1139 2630 etiam

190 2653 237 2715 pit,
258 2658 284 2702 et
305 2658 383 2702 totam
408 2654 591 2702 Normanniam
613 2652 652 2701 illi
676 2654 751 2715 longe
780 2653 912 2714 gloriosior
942 2654 1007 2702 inter
1033 2656 1140 2701 caeteros

190 2722 301 2771 abstulit
337 2721 466 2770 Henricus
477 2724 573 2783 quippe
584 2723 653 2769 filius
677 2723 812 2786 eminebat,
829 2724 874 2783 qni
891 2723 978 2784 plures
995 2721 1142 2783 perimendo

190 2794 256 2854 ejus,
268 2795 322 2854 jam
340 2797 440 2840 aetatem
458 2791 577 2854 adeptus,
593 2806 651 2840 cum
677 2793 797 2853 inglorios
836 2793 942 2841 reddere
977 2792 1142 2853 praevalebat.

191 2867 269 2910 matre
284 2864 311 2910 in
328 2862 654 2924 Angliamvenit,faventi-
678 2862 889 2912 Discurrentibus
931 2863 1032 2912 tandem
1076 2862 1142 2910 inter

190 2932 288 2994 busque
305 2933 355 2980 sibi
372 2933 566 2993 quamplurimis
582 2932 653 2993 regni
678 2937 813 2992 utrumque
836 2934 997 2992 consiliariis,
1016 2946 1061 2980 rex
1082 2946 1142 2980 suos

192 3002 352 3063 primoribus,
377 3016 434 3050 eam
462 3002 511 3050 sibi
538 3002 653 3050 funditus
678 3001 853 3062 exhaeredans,
871 3002 1013 3051 Henrienm
1034 3006 1093 3062 post
1115 3016 1143 3050 se

192 3072 364 3120 calumniavit.
391 3071 541 3120 Multotiens
552 3086 653 3133 quoque
678 3085 762 3132 regem
778 3068 893 3132 juravit:
910 3077 968 3132 post
983 3071 1142 3119 concordiam

192 3156 260 3190 mare
271 3142 395 3190 nansiens
403 3145 429 3189 et
437 3142 526 3190 iterum
534 3142 653 3203 Angliam
679 3156 738 3190 vero
749 3141 841 3189 iactam
860 3155 909 3188 non
920 3141 995 3202 pleno
1007 3154 1072 3188 anno
1084 3155 1143 3188 evo-

192 3213 303 3271 veniens‚
315 3216 404 3272 parato
414 3212 518 3259 robusto
531 3213 655 3272 exercitu,
679 3212 742 3273 luto,
758 3215 824 3260 x1x0.
847 3211 918 3272 regni
941 3211 981 3258 sni
1004 3224 1078 3270 anno,
1098 3224 1143 3257 rex

193 3297 251 3330 cum
266 3296 325 3344 rege
342 3281 368 3330 id
390 3296 437 3331 nee
455 3281 539 3329 miuus
555 3281 654 3330 volente
679 3281 823 3342 Stephanus
833 3281 907 3328 finem
918 3281 977 3333 vitae
989 3279 1058 3329 iecit.
1084 3279 1143 3329 Quo

193 3366 268 3413 grave
279 3351 374 3400 bellum
385 3353 449 3400 inire
457 3352 597 3413 disposuit3
615 3352 656 3398 fir·
681 3352 779 3413 audito,
789 3351 928 3412 Hannone,
940 3354 1000 3398 tunc
1011 3350 1065 3397 dux
1077 3348 1143 3397 Nor-

193 3423 316 3482 matisque
327 3423 436 3471 diversis
448 3423 475 3470 in
489 3423 553 3470 locis
569 3425 656 3469 contra
680 3422 788 3469 manniae
805 3425 831 3468 et
847 3420 1004 3482 Aquitaniae,
1018 3424 1043 3468 et
1059 3433 1143 3467 comes

194 3505 222 3540 se
229 3492 358 3553 repagulis
365 3496 391 3540 et
399 3507 455 3541 sera
464 3492 655 3552 munitionibus,
681 3491 847 3552 Andegaviae,
858 3496 931 3551 pater
941 3491 1007 3538 enim
1018 3504 1081 3538 suus
1088 3490 1144 3550 jam

194 3563 303 3610 maxime
325 3567 409 3610 tamen
431 3562 500 3623 apud
522 3562 654 3612 castellum
681 3562 786 3622 obierat,
808 3575 866 3609 cum
893 3561 1015 3609 iratribus
1041 3559 1096 3608 suis
1118 3564 1144 3607 et

194 3632 385 3694 Wallingesord‚
398 3633 506 3693 quisque
523 3648 581 3693 quae
593 3632 656 3680 alte-
681 3646 760 3680 uxore
772 3631 920 3692 Alienorda,
931 3645 990 3691 qua·
1007 3630 1078 3691 prius
1092 3629 1143 3677 Ln-

194 3702 247 3750 rius
261 3706 332 3750 erant
344 3702 486 3764 diripiendo
497 3702 656 3751 vehementer
681 3701 775 3750 dowici
785 3702 852 3763 regis
870 3701 986 3748 Franciae
997 3714 1100 3760 sponsa,
1111 3700 1143 3747 ab

194 3772 313 3833 Angliam
340 3771 439 3822 afflixit.
476 3773 568 3832 Neque
590 3773 656 3821 enim
681 3787 721 3833 eo,
743 3773 805 3832 quia
825 3775 943 3833 parentes
964 3775 1043 3831 erant,
1063 3770 1146 3818 luerat

195 3847 254 3891 tuno
276 3843 396 3903 temporis
419 3842 515 3903 profuit
536 3843 656 3903 episeopo
682 3843 828 3902 dissociata,
853 3841 898 3890 sed
923 3845 948 3889 et
967 3839 1145 3901 Rotomagensi

194 3913 278 3974 mitra,
286 3912 326 3961 vel
334 3913 420 3960 abbati
432 3912 542 3973 cuculla,
551 3912 612 3971 quin
624 3913 656 3959 ab
682 3911 882 3972 archiepiscopo,
890 3910 1057 3971 pluribusque
1066 3909 1145 3956 Fran-

196 3997 226 4030 eo
241 3982 391 4040 auferretur,
402 3983 425 4030 si
444 3997 490 4030 non
503 3983 535 4029 ab
547 3981 657 4042 eoquod
683 3982 730 4029 ciae
738 3980 875 4042 nobilibus,
882 3985 932 4028 tam
940 3979 1062 4028 ordinatis
1069 3993 1145 4039 quarn

195 4053 345 4115 exigebatur
359 4053 392 4100 ad
403 4053 510 4115 primam
521 4053 659 4114 interroga·
684 4051 766 4111 laicis,
778 4051 803 4097 in
821 4050 941 4112 Angliam
958 4050 1042 4108 venit;
1059 4049 1146 4110 ibique

196 4123 288 4171 tionem
306 4123 455 4185 porrigeret.
491 4123 519 4169 Si
539 4122 581 4170 cui
600 4135 659 4169 vero
684 4135 801 4168 coronam
818 4120 898 4182 regni,
913 4120 979 4168 sicut
995 4120 1019 4166 ei
1033 4120 1147 4180 juratum

196 4193 284 4242 colono
292 4192 369 4255 graba
377 4209 436 4254 quae
448 4193 576 4242 interram
588 4206 659 4253 spar-
686 4191 777 4252 iuerat,
789 4190 897 4252 adeptus
909 4194 955 4240 est.
973 4190 1004 4239 L.
1015 4191 1072 4241 add.
