2940 4860
357 387 549 435 ruonrrvru
574 385 855 437 wroonrunrvsrs.
1018 371 1083 436 157

134 548 202 604 tem
227 542 423 619 incurrisse,
449 552 485 608 et
508 545 553 608 ob
568 543 633 608 hoc
648 564 726 608 cum
742 544 898 608 hostibus
920 543 1082 618 dimicare

133 642 349 723 nequivisse;
395 643 494 727 cujus
524 643 681 707 inertiam
711 651 747 707 et
768 643 1002 709 timiditatem
1042 652 1082 708 ut

134 740 220 804 vidit
236 743 419 819 exercitus,
436 757 460 806 'a
474 743 546 814 suis
557 743 704 807 inimicis
719 743 793 808 sine
809 763 925 826 pugna
941 743 1083 807 divertit

134 841 396 906 moestissimus:
418 831 511 906 'unde
542 843 671 907 dictum
695 850 748 908 est
771 845 807 907 in
831 844 973 925 antiquo
1003 846 1080 925 pro·

135 940 265 1018 verbio,
298 941 562 1006 ‘Tremescente
590 941 750 1011 ducein
789 943 926 1025 proelio,
965 944 1082 1007 caeteri

135 1059 253 1103 omnes
276 1041 493 1123 proeliatores
511 1041 704 1106 efficiuntur
714 1043 934 1124 pavidiores!
969 1042 1082 1107 Swein

137 1148 251 1203 autem
268 1140 387 1205 videns
413 1139 609 1223 Auglorum
634 1143 915 1223 inconstantiam,
925 1141 971 1206 'ad
997 1143 1082 1206 civi·

136 1244 242 1303 tatem
259 1240 464 1304 Wiltoniom
486 1260 587 1304 suum
604 1241 706 1306 duxit
720 1243 922 1320 exercitum,
938 1248 1083 1325 eamque

137 1339 335 1404 devastavit
367 1346 401 1404 et
432 1340 593 1404 incendit.
655 1341 767 1405 Simili
804 1347 943 1425 quoque
981 1342 1083 1406 modo

138 1437 375 1523 Searebyriam
390 1441 615 1522 consumpsit,
633 1447 668 1505 et
694 1449 774 1524 post
800 1460 882 1505 suas
903 1460 1011 1506 naves
1032 1461 1086 1504 re-

138 1538 261 1621 petiit.¹
331 1539 511 1622 [Kilianus
557 1541 664 1604 abbas
716 1541 911 1605 Scottorum
966 1541 1086 1631 Sancti

140 1639 296 1714 Martini,
330 1640 472 1722 ipseque
501 1639 654 1717 Scottus,
689 1641 776 1704 obiit
794 1657 889 1707 11111.
920 1639 991 1704 kal.
1024 1640 1088 1704 Ja-

140 1739 252 1803 nuarii
284 1739 344 1821 [14
375 1739 490 1820 Dec.].
565 1739 690 1804 Helias
723 1739 864 1804 Scottus
896 1747 977 1823 post
1008 1744 1086 1804 eum

139 1839 332 1919 successit]

190 1939 271 2002 Rex
287 1930 466 2002 Danorum
496 1940 609 2004 Swein
632 1960 710 2004 oum
735 1961 800 2004 sua
822 1941 932 2004 classe
959 1938 1087 2003 North·
1113 1942 1248 1989 A·1³·¹⁰⁰⁴·'

140 2038 204 2103 wic
220 2038 396 2116 advectus,
410 2039 505 2103 illam
521 2039 716 2105 devastavit
733 2047 769 2104 et
782 2040 943 2105 incendit.
989 2013 1248 2110 Τ1111011113111Ῡ“.

57 2205 59 2208 ,
140 2158 276 2220 magnae
303 2139 519 2205 strenuitatis
543 2139 615 2202 dux
641 2138 934 2222 East·Anglorum
961 2138 1086 2203 Ulfke-
1100 2115 1224 2206 illitis

141 2239 201 2316 tel,
232 2239 312 2321 quia
340 2259 383 2303 ex
413 2239 599 2321 improviso
622 2240 728 2317 venit,
758 2259 821 2304 nec
852 2243 973 2304 contra
1010 2258 1089 2303 eum
1100 2213 1252 2264 ”dmm

140 2339 288 2420 spatium
303 2339 536 2421 congregandi
559 2340 750 2405 exercitum
772 2339 903 2416 habuit,
921 2359 999 2402 cum
1015 2359 1087 2402 ma·

137 2438 272 2522 joribus
295 2437 536 2520 East-Angliae
557 2438 676 2503 habito
697 2439 852 2515 consilio,
867 2458 987 2520 pacem
1010 2449 1088 2503 cum

142 2559 183 2602 eo
206 2539 349 2620 pepigit.
401 2537 533 2602 Verum
556 2538 630 2615 ille,
654 2538 792 2621 dirupto
818 2538 967 2616 foedere,
986 2539 1206 2605 tertiaseuum.

142 2646 222 2720 post
237 2638 311 2702 lraec
329 2637 554 2714 hebdomada,
574 2657 652 2701 cum
674 2639 784 2721 copiis
804 2639 877 2702 suis
900 2638 1048 2703 latenter
1067 2615 1212 2703 'emm'

143 2738 291 2802 navibus
319 2737 513 2820 prosiliens,
539 2737 793 2802 Tbeodlordam
818 2738 958 2815 invasit,
985 2738 1089 2803 deva-

143 2838 261 2914 stavit,
276 2846 376 2903 nocte
390 2856 460 2901 uua
480 2838 515 2900 in
533 2857 575 2901 ea
599 2839 737 2914 mansit,
753 2838 904 2902 diluculo
928 2838 1090 2918 incendit

144 2936 226 3017 Quo
248 2938 401 3018 cognito,
427 2938 500 3000 dux
531 2935 691 3001 Ullketel
718 2939 921 3020 quibusdam
945 2938 1176 3020 depromere

143 3037 346 3101 vincialibus
371 3035 560 3112 mandavit,
578 3043 617 3100 ut
641 3035 789 3101 hostium
815 3056 921 3101 naves
945 3038 1092 3101 confrin-
1105 3018 1221 3105 1111111

144 3144 282 3218 gerent3
307 3144 346 3201 at
369 3136 419 3199 illi
436 3136 492 3199 vel
519 3155 587 3199 non
613 3135 798 3213 audebant,
817 3136 871 3200 vel
893 3137 994 3220 jussa
1015 3157 1091 3219 per·
1106 3114 1213 3164 mmm·
1247 3179 1250 3184 -

144 3237 245 3301 ficere
278 3236 507 3319 negligebant
572 3235 653 3318 Ipse
688 3254 770 3299 vero
808 3235 955 3312 interim,
989 3255 1092 3317 quam
1259 3309 1261 3313 Α

145 3337 246 3401 citius
268 3337 394 3419 potuit,
411 3336 501 3400 clam
526 3353 626 3397 suum
649 3353 863 3416 congregans
891 3334 1093 3410 exercitum,
1200 3338 1202 3343 '

147 3437 311 3500 adversus
344 3437 461 3501 hostes
487 3434 651 3498 audacter
681 3434 859 3513 ascendit3
892 3433 1016 3516 quibus
1049 3433 1093 3497 ad

146 3551 253 3600 naves
276 3535 531 3618 repedantibus,
546 3552 614 3597 non
629 3552 730 3614 aequa
743 3553 848 3596 manu
863 3533 1010 3596 militum
1025 3532 1094 3596 illis

146 3635 306 3711 occurrit,
328 3635 615 3715 durissimumque
638 3633 787 3696 cumeis
815 3632 974 3715 proelium
1001 3651 1093 3695 com.-

147 3735 252 3812 misit,
270 3733 455 3815 multisque
466 3753 510 3796 ex
522 3733 576 3796 his
591 3738 626 3795 et
637 3751 680 3794 ex
697 3732 765 3795 illis
783 3732 893 3809 caesis
912 3731 1094 3795 nobiliores

148 3836 275 3919 quique
291 3833 333 3896 de
349 3830 582 3914 Eut-Anglia
596 3837 809 3907 corruerunt,
826 3831 918 3895 Dani
936 3849 1019 3895 vero
1036 3831 1094 3893 vix

149 3941 354 4012 evaserunt;
377 3931 438 3995 sed
453 3933 483 3994 si
501 3932 589 3994 vires
602 3929 897 4011 East·Angloru'm
908 3929 981 4012 jam
999 3930 1096 3993 ades-

148 4041 236 4108 sent,
275 4032 370 4096 nullo
407 4031 508 4094 modo
543 4049 649 4093 naves
685 4048 766 4094 suas
805 4035 1017 4110 repeterent:
1058 4035 1098 4092 ut

149 4133 237 4196 enim
251 4133 317 4214 ipsi
343 4131 460 4196 testati
482 4137 574 4207 sunt,
590 4129 708 4208 durius
732 4136 767 4192 et
792 4128 945 4210 asperius
969 4127 1097 4192 bellum
