2940 4860
409 399 601 446 snonnnrn
625 397 905 446 wiuonmnnsrs
1092 379 1134 443 81

188 555 381 638 episcopus,
397 562 442 618 ιο.
455 557 509 619 sui
524 558 744 639 episcopatus
756 575 860 631 anno,
870 557 967 631 obiit,
980 564 1014 620 et
1024 555 1135 620 Scire-
1149 572 1252 613 ennean
1261 573 1295 621 m·

187 656 295 719 burne
312 653 527 738 sepelitur.¹”
1146 624 1298 713 gasnersume

238 754 397 820 Cometes
431 757 507 820 visa
539 764 591 820 est
622 757 901 820 manifestissime
935 756 999 820 boc
1031 776 1132 821 anno.
1160 772 1274 814 nome.

188 855 443 920 “Venerabilis
466 876 528 920 rex
564 856 751 931 AElfredus,
787 856 982 920 secundarii
1017 866 1132 921 tamen
1145 840 1252 879 mm*

187 963 267 1020 tunc
287 956 406 1020 ordine
426 956 547 1034 fretus,
573 976 716 1021 uxorem
743 957 786 1020 de
811 956 956 1034 Mercia,
984 957 1132 1020 nobilem
1145 970 1284 1060 {ffiffl‘

187 1055 318 1121 scilicet
339 1076 475 1138 genere,
501 1057 606 1120 filiam
633 1057 824 1121 AEthelredi
852 1055 1044 1121 Gainorum
1073 1078 1131 1122 co·
1228 1049 1233 1060 ’

187 1153 305 1232 mitia,²
327 1157 387 1239 qui
403 1157 711 1238 cognominabatur
731 1156 852 1232 Mucii,
869 1148 1083 1220 subarravit³
1098 1167 1133 1222 et

186 1255 296 1320 duxit.
343 1255 451 1341 Cujus
467 1256 616 1320 soeminae
630 1264 741 1320 mater
752 1256 916 1319 Eadburh
932 1257 1134 1322 nominaba-

188 1360 255 1434 tur,
269 1355 312 1420 de
330 1356 438 1438 regali
459 1376 584 1438 genere
605 1356 812 1421 Merciorum
838 1357 940 1438 regis,
955 1358 1132 1420 venerabi-

186 1455 231 1518 lis
260 1456 392 1520 scilicet
420 1456 573 1533 foemina,
599 1465 634 1521 et
661 1475 723 1540 per
752 1456 880 1520 multos
912 1476 1021 1521 annos
1052 1467 1132 1539 post

187 1556 317 1620 obitum
344 1553 469 1640 patris⁴
503 1558 558 1620 sui
584 1557 779 1631 castissima
805 1557 911 1621 vidua
934 1556 1130 1622 lethotenus

185 1656 380 1737 permansit.
433 1656 564 1720 Eodem
585 1676 675 1721 anno
695 1658 881 1739 praedictus
908 1657 1129 1739 Paganorum
1143 1674 1273 1734 rhenano,

186 1757 357 1822 exercitus
387 1755 711 1839 Northanhymbros
737 1758 946 1839 relinquens,
969 1758 1004 1820 in
1036 1759 1129 1822 Mer·
1143 1725 1294 1764 ‘mmm'

186 1856 274 1920 ciam
296 1855 403 1932 venit,
426 1867 460 1921 et
483 1856 730 1939 Snotingaham
755 1857 851 1933 adiit,
874 1858 967 1941 quod
991 1858 1131 1922 Britan-

186 1955 260 2021 nice
282 1956 550 2039 Tigguocobauc
575 1958 832 2040 interpretatur,
855 1956 978 2021 Latine
1003 1964 1130 2036 autem,

186 2055 432 2140 speluncarum
450 2059 592 2135 Domus,
614 2066 649 2121 et
667 2058 702 2120 in
720 2057 780 2121 illo
799 2058 876 2121 loco
899 2057 1018 2121 eodem
1041 2077 1131 2122 anno

187 2155 434 2221 hiemaverunt.
495 2155 631 2235 Quibus
657 2158 728 2221 illic
753 2157 1024 2235 advenientibus,
1051 2173 1253 2222 con-mener-

1105 2258 1111 2271 ,
1143 2226 1202 2265 ciam
1212 2226 1264 2264 seek

185 2256 299 2320 festim
316 2257 485 2333 Burhred,
502 2257 710 2322 Marciorum
725 2278 800 2333 rex,
819 2277 1004 2339 omnesque
1019 2265 1131 2339 gentis
1143 2275 1285 2315 aurorane

1106 2358 1112 2370 ,
1145 2327 1182 2365 red
1191 2327 1234 2364 and

185 2355 338 2440 ejusdem
355 2353 540 2440 optimates
557 2358 700 2422 nuncios
716 2358 759 2421 ad
776 2357 1012 2432 AEtheredum,
1030 2356 1130 2421 Occ1-
1143 2376 1288 2422 amoram

185 2455 372 2521 dentalium
399 2457 575 2521 Saxonum
605 2478 733 2540 regem,
760 2465 795 2522 et
821 2458 864 2522 ad
890 2459 1030 2522 fratrem
1057 2427 1292 2541 ejuslffillm.

186 2557 378 2621 AElfredum
410 2558 574 2640 dirigunt,
607 2559 808 2642 suppliciter
837 2560 1057 2622 obsecrantes
1092 2566 1131 2622 ut

185 2657 251 2720 sibi
273 2658 532 2734 auxiliarentur,
556 2678 626 2742 quo
650 2666 791 2741 possent
812 2667 932 2723 contra
949 2657 1131 2741 praefatum

185 2776 341 2840 pugnare
365 2759 574 2832 exercitum
609 2758 700 2841 quod
729 2767 765 2822 et
797 2758 899 2823 facile
925 2760 1132 2840 impetrave-

185 2865 287 2933 runt;
312 2877 392 2922 nam
410 2858 461 2921 illi
480 2858 616 2935 fratres,
639 2878 706 2922 non
730 2860 870 2940 segnius
894 2858 1130 2940 promissione,

186 2965 396 3040 congregato
412 2978 455 3021 ex
477 2959 569 3022 omni
589 2965 688 3040 parte
708 2959 762 3021 sui
780 2959 945 3023 immenso
963 2959 1130 3035 exercitu,

186 3057 353 3123 Marciam
369 3058 509 3135 adeunt,
525 3064 560 3122 et
582 3077 692 3140 usque
717 3058 762 3122 ad
784 3057 1045 3141 Snotingabam,
1061 3057 1131 3122 bel-

184 3157 255 3223 lum
270 3158 476 3223 unanimiter
499 3165 706 3241 quaerentes,
721 3160 947 3242 perveniunt;
984 3177 1131 3241 cumque
1144 3179 1211 3218 reae

185 3257 333 3340 Pagani,
347 3259 495 3322 tuitione
510 3259 600 3322 arcis
616 3257 750 3335 muniti,
766 3259 892 3322 bellum
919 3259 1002 3322 dare
1023 3277 1130 3340 nega·
1143 3228 1286 3318 tibilim

184 3365 273 3436 rent,
291 3367 325 3422 et
344 3357 549 3423 Christianis
564 3358 723 3440 frangere
738 3378 872 3422 murum
888 3378 956 3422 non
972 3366 1131 3441 suppete·
1144 3330 1186 3369 ⁸¹¹⁶
1196 3329 1274 3368 Μ’

184 3459 257 3536 bat,
272 3478 358 3541 pace
372 3459 462 3522 inter
477 3457 628 3522 Mercios
645 3466 680 3522 et
696 3458 861 3540 Paganos
876 3458 980 3535 facta,
999 3457 1067 3521 duo
1081 3456 1132 3520 illi

184 3557 322 3635 fratres,
338 3557 546 3623 AEtheredus
561 3577 622 3622 rex
639 3566 674 3621 et
690 3558 878 3635 AElfredus,
896 3578 974 3622 cum
990 3557 1062 3620 suis
1074 3577 1131 3620 co-

218 3755 227 3786 ¹
245 3759 392 3808 Eollstuaus
403 3792 490 3809 .....
507 3755 643 3820 sepelitur]
702 3754 712 3787 ²
731 3757 825 3806 Filiam
837 3792 844 3807 .
857 3793 863 3806 .
877 3793 883 3806 .
897 3792 903 3805 .
916 3754 1031 3816 canitia]
1055 3754 1133 3803 Ealh-

183 3830 453 3890 Ealhstanepiscopus
467 3827 644 3876 Scireburnen-
667 3827 759 3877 swith:
789 3827 834 3877 she
859 3826 929 3887 died,
950 3826 1085 3887 according
1106 3830 1132 3873 to

182 3901 219 3950 sis
240 3899 356 3949 ecclesia
380 3900 446 3948 viam
472 3894 644 3947 universitatis
669 3898 789 3947 Florence
801 3897 851 3946 and
865 3896 907 3945 the
919 3895 979 3946 Sar.
992 3895 1095 3958 Chion„
1106 3896 1133 3943 in

182 3971 280 4031 adiens,
310 3973 442 4031 postquam
471 3969 644 4029 episcopatum
669 3973 726 4017 905.

182 4055 227 4104 per
236 4054 259 4090 ι.
268 4035 645 4100 annochonorabili'terrexerat,
704 4067 862 4132 ,Expetivit
873 4067 895 4117 A

180 4112 206 4160 in
222 4125 285 4172 pace
301 4111 327 4157 in
338 4109 512 4159 Scir-eburnam
529 4108 645 4170 sepultus
900 4105 905 4117 '

183 4184 228 4232 est.
258 4179 291 4229 A.
304 4179 335 4230 11·
347 4185 371 4228 et
382 4179 452 4230 editt.
706 4171 918 4223 ⁴ViriA.recte.

963 4290 983 4335 G
