2940 4860
373 396 567 446 rnonnuru
592 396 874 446 turnonurnusrs.
1039 381 1102 446 221

154 560 317 623 canonice
355 558 570 633 confirmata,
609 563 645 620 et
679 559 886 641 'episcopatu
928 568 1104 642 suscepto,

154 660 336 723 Dominico
373 659 440 735 die,
475 676 545 739 quo
577 656 756 724 Nativitas
798 659 936 723 Sanctae
979 659 1104 727 Mariae

155 759 193 842 [8
213 759 326 846 Sept]
349 760 392 822 ab
419 757 565 822 ecclesia
592 758 844 837 celebrabatur,
870 766 1104 838 consecratus

154 861 230 925 vita
251 872 286 924 et
313 859 500 924 virtutibus
525 857 653 936 claruS,
680 859 922 942 Wigornensis
948 860 1103 924 ecclesiae

154 960 282 1043 praesul
308 959 447 1023 effulsit.
502 957 736 1023 Consecratus
762 967 815 1024 est
842 961 948 1042 igitur
969 961 1105 1043 episco-

154 1081 220 1144 pus
247 1081 269 1124 a
292 1058 488 1126 venerando
512 1056 665 1124 Aldredo
694 1060 964 1125 Eboracensium
992 1061 1103 1125 archi·

155 1162 328 1244 episcopo,
347 1181 388 1225 eo
406 1157 498 1242 quod
514 1157 682 1239 Stigando
692 1161 919 1225 Doruberniae
936 1161 1104 1244 archiepi-
1118 1173 1241 1273 gffigu·

154 1281 263 1343 scopo
276 1260 424 1325 officium
437 1258 633 1342 episcopale
642 1266 725 1324 tunc
735 1280 756 1324 a
765 1261 904 1326 domino
914 1262 1105 1343 apostolico
1208 1251 1213 1262 '

156 1362 377 1426 interdictum
401 1367 498 1433 erat;
528 1359 622 1440 quia,
645 1360 824 1425 Rodberto
847 1361 1106 1445 archiepiscopo

158 1462 309 1539 vivente,
323 1459 658 1542 archiepiscopatum
674 1461 849 1544 suscipere
864 1463 1103 1545 praesumpsit3

157 1563 323 1627 canonica
357 1569 473 1627 tamen
502 1558 715 1642 professione
749 1560 895 1644 praefato
930 1562 1106 1626 Doruber·

158 1663 255 1726 nensi
273 1661 532 1747 archiepiscopo
553 1659 733 1742 Stigando,
749 1680 817 1725 non
839 1680 903 1725 suo
918 1662 1106 1727 ordinatori

159 1762 312 1827 Aldredo
343 1762 448 1826 facta.
516 1759 666 1844 Insuper
698 1768 733 1825 et
767 1762 841 1844 ipse
879 1762 1106 1827 Eboracensis

159 1863 451 1946 archiepiscopus
483 1859 559 1943 ejus
590 1860 778 1937 ordinator,
810 1881 927 1926 eoram
957 1883 1039 1944 rege
1070 1871 1106 1928 et
1165 1861 1168 1867 ’

159 1964 257 2046 regni
304 1962 541 2047 optimatibus,
584 1962 661 2043 ipso
710 1961 878 2044 Stigando
924 1964 1106 2028 factitante

159 2069 301 2146 propter
311 2062 594 2145 subsequentium
605 2061 807 2139 calumnias,
819 2063 973 2145 profiteri
984 2063 1106 2147 jussus

160 2171 225 2240 est,
257 2183 295 2228 se
327 2163 460 2228 nullum
486 2160 547 2246 jus
576 2161 820 2228 ecclesiastieae
847 2182 909 2228 seu
940 2164 1107 2228 secularis

161 2263 383 2347 subjectionis
409 2282 514 2346 super
540 2281 617 2325 eum
645 2263 806 2346 deinceps
831 2264 920 2329 velle
945 2259 1106 2342 clamare,

161 2384 224 2429 nec
239 2373 381 2448 propter
397 2362 490 2446 quod
505 2363 549 2427 ab
569 2383 610 2427 eo
626 2371 846 2429 consecratus
862 2371 927 2443 est,
943 2384 1005 2429 nec
1023 2366 1106 2448 quia

161 2473 242 2529 ante
270 2464 563 2529 consecrationem
591 2463 666 2547 ejus
691 2465 880 2530 monachus
903 2465 1015 2529 factus
1041 2471 1104 2530 est.
1181 2488 1184 2492 ·

164 2565 274 2631 Facta
287 2573 341 2630 est
356 2572 471 2630 autem
493 2563 569 2628 baec
585 2563 678 2628 illius
699 2564 868 2630 ordinatio
883 2584 973 2630 anno
991 2566 1105 2630 aetatis

163 2685 235 2730 suae
258 2666 337 2748 plus
361 2664 660 2748 quinquagesimo,
677 2666 775 2747 regni
790 2685 872 2731 vero
894 2667 987 2749 regis
1010 2664 1105 2732 Ead-

164 2767 272 2830 wardi
286 2786 377 2830 anno
393 2772 487 2843 xx⁰.,
504 2765 689 2830 indictione
703 2782 769 2830 xv,

213 2867 382 2931 Strenuus
399 2866 473 2930 dux
490 2864 783 2931 went-Saxonum
802 2867 994 2946 HarolduS,
1004 2868 1107 2953 jussu
1131 2880 1261 2920 A-D·1⁰⁶³·

163 2968 255 3049 regis
288 2967 484 3045 Eadwardi,
513 2973 593 3049 post
620 2965 850 3033 Nativitatem
874 2969 1016 3034 Domini
1049 2969 1109 3052 [25
1119 2948 1253 3040 misna

165 3065 280 3153 Dec.],
304 3067 461 3149 equitatu
488 3086 557 3130 non
582 3067 692 3131 multo
711 3087 825 3131 secum
852 3076 1042 3152 assumpto,
1065 3069 1107 3133 de
1119 3049 1245 3149 ξὶἧίῗιῗὲῃ,

165 3167 365 3245 Glaworna,
380 3169 439 3232 ubi
458 3186 522 3231 rex
544 3174 626 3232 tunc
648 3168 857 3245 morabatur,
880 3168 924 3231 ad
947 3168 1108 3233 Rudelan

165 3268 275 3332 multa
300 3288 376 3332 cum
400 3267 619 3332 festinatione
645 3267 820 3351 profectus
845 3275 909 3346 est,
928 3276 969 3332 ut
991 3288 1108 3350 regem
1209 3261 1213 3268 ⁴

164 3368 391 3434 Walanorum
425 3366 618 3445 Griffinum,
653 3375 796 3451 propter
825 3369 1021 3451 frequentes
1050 3368 1109 3434 de·

165 3470 406 3552 populationes
433 3486 521 3553 quas
546 3469 583 3532 in
604 3468 796 3551 Anglorum
818 3469 942 3533 finibus
968 3472 1108 3552 agebat,

165 3588 206 3634 ac
223 3570 448 3634 verecundiae
472 3588 560 3651 quas
575 3569 713 3634 domino
733 3588 797 3634 suo
820 3570 893 3652 regi
915 3567 1109 3634 Eadwardo

166 3689 259 3753 saepe
285 3670 446 3748 faciebat,
473 3668 654 3733 occideret.
706 3667 757 3733 At
782 3670 852 3747 ille,
877 3671 953 3755 ejus
981 3671 1110 3735 adven·
1185 3674 1187 3678 ‘

167 3777 205 3834 tu
239 3771 463 3853 praecognito,
491 3768 615 3851 fugam
648 3789 726 3833 cum
757 3771 830 3834 suis
862 3771 950 3847 iniit,
984 3790 1108 3836 navem

166 3871 334 3949 ascendit,
349 3878 385 3935 et
401 3871 461 3936 vix
486 3871 607 3936 evasit.
659 3869 839 3935 Haroldus
860 3891 955 3949 vero,
973 3880 1012 3936 ut
1031 3891 1110 3935 eum

165 3970 295 4054 fugisse
327 3970 504 4053 comperit,
530 3971 696 4054 palatium
720 3971 912 4049 incendere,
942 3978 977 4035 et
1003 3991 1112 4038 naves

166 4071 241 4156 ejus
259 4091 336 4136 cum
353 4072 574 4136 armamentis
585 4073 783 4135 comburere
795 4071 913 4156 jussit,
923 4072 1111 4155 eodemque

167 4171 221 4236 die
246 4173 365 4237 rediit:
404 4171 464 4235 sed
488 4172 581 4236 circa
609 4171 823 4252 Rogationes
853 4169 912 4255 [26
936 4173 1042 4256 Maii]
1070 4175 1112 4238 de
