2940 4860
405 377 596 448 unuanurn
625 397 906 448 wrconumusrs.
1063 375 1130 448 169

179 556 324 634 sculum,
347 575 473 640 magno
496 557 669 622 cruciatus
687 553 872 634 tormento,
890 558 993 623 tertio
1019 576 1129 623 nonas

181 657 361 722 Februarii
380 658 418 740 [3
435 658 537 740 Feb]
549 657 735 722 miserabili
750 665 859 721 morte
871 658 976 722 vitam
992 657 1130 723 finivit.¹
1167 677 1168 684 ¹

180 756 260 836 Quo
275 766 423 833 mortuo,
436 757 544 821 filium
559 758 634 842 ejus
648 757 820 822 Canutum
832 758 898 822 sibi
916 778 1033 840 regem
1048 778 1129 822 con·
1141 776 1203 818 uer·
1212 787 1258 817 ue.

179 859 293 924 stituit
326 858 472 922 classica
501 877 623 922 manus
662 859 853 923 Dacorum.
904 856 955 923 At
980 858 1129 943 majores
1140 829 1217 918 {idid
1226 829 1253 878 ”¹

180 965 265 1027 natu
291 959 397 1024 totius
424 957 573 1040 Angliee'
589 958 633 1021 ad
661 977 776 1040 regem
805 959 1028 1040 AEgelredum
1053 960 1129 1042 pari
1140 929 1258 1020 {iiiiii

180 1076 349 1122 consensu
384 1059 524 1122 nuntios
561 1057 765 1122 festinanter
795 1059 929 1135 misere,
963 1059 1128 1138 dicentes,

180 1177 218 1222 se
242 1157 374 1222 nullum
396 1158 476 1241 plus
500 1177 616 1222 amare
638 1157 694 1222 vel
722 1167 897 1223 amaturos
922 1177 997 1224 esse
1025 1179 1129 1243 quam

181 1277 280 1322 suum
312 1259 504 1322 naturalem
539 1258 725 1333 dominum,
756 1259 786 1321 si
811 1259 885 1341 ipse
916 1259 973 1323 vel
1002 1261 1129 1324 rectius

182 1360 385 1439 gubernare,
412 1359 466 1423 vel
493 1358 609 1422 mitius
636 1376 694 1421 eos
720 1364 869 1422 tractare
895 1359 1000 1424 vellet
1025 1379 1129 1443 quam

181 1458 278 1540 prius
319 1464 497 1523 tractarat.
561 1456 697 1536 Quibus
730 1459 867 1536 auditis,
900 1459 1130 1525 Eadwardum
1192 1492 1196 1498 ·

181 1558 288 1622 filium
325 1578 426 1622 suum
454 1578 530 1623 curn
558 1558 683 1639 legatis
705 1560 777 1622 suis
804 1559 849 1622 ad
877 1578 937 1623 eos
966 1560 1129 1642 dirigens„

182 1659 328 1742 majores
344 1660 559 1743 minoresque
574 1660 687 1740 gentis
699 1678 783 1736 suae,
800 1659 1024 1724 amicabiliter
1038 1661 1130 1725 salu·
1235 1746 1237 1750 Ι

184 1760 283 1834 tavit,
299 1761 502 1841 promittens
525 1779 562 1823 se
585 1758 654 1822 illis
679 1760 796 1824 mitem
822 1760 1054 1843 devotumque
1069 1761 1130 1825 do·

185 1861 313 1923 minum
327 1859 492 1936 futurum,
505 1860 545 1941 in
559 1859 716 1923 omnibus
731 1860 1036 1925 eorumvoluntati
1052 1881 1132 1924 con-

186 1979 379 2035 sensurum,
395 1959 546 2024 consiliis
570 1959 818 2042 acquieturum,
837 1967 872 2023 et
891 1960 1052 2043 quicquid
1068 1961 1133 2024 sibi

189 2058 245 2123 vel
269 2061 341 2122 suis
364 2061 408 2123 ab
434 2059 503 2123 illis
528 2061 691 2142 probrose
719 2066 755 2123 et
777 2059 982 2124 dedecorose
1005 2061 1133 2124 dictum
1233 2072 1235 2076 ‘

184 2159 239 2223 vel
266 2160 436 2224 contrarie
462 2160 592 2224 factum
607 2159 731 2237 fuerat,
756 2159 891 2242 placido
917 2162 1030 2225 animo
1056 2178 1134 2224 con-

187 2260 410 2334 donaturum3
436 2262 464 2324 si
482 2279 600 2323 omnes
615 2261 833 2337 unanimiter,
845 2269 880 2324 et
894 2260 968 2323 sine
981 2260 1135 2343 perfidia,

184 2360 280 2423 illum
296 2361 447 2442 recipere
462 2358 591 2424 vellent
606 2361 642 2423 in
657 2379 811 2442 regnum.
856 2359 911 2425 Ad
928 2360 1002 2424 haec
1019 2361 1135 2424 cuncti
1221 2362 1224 2367 '

183 2461 322 2542 benigni
337 2460 596 2542 responderunt.
648 2461 740 2525 Dein
755 2460 905 2524 amicitia
919 2461 1074 2543 plenaria
1089 2480 1134 2523 ex

184 2567 332 2642 utraque
362 2567 461 2642 parte
491 2567 525 2624 et
556 2560 670 2626 verbis
700 2568 736 2624 et
764 2567 868 2642 paoto
903 2560 1134 2625 confirmatur.

185 2657 241 2724 Aa
258 2661 332 2724 haec
347 2661 518 2742 principes
533 2679 571 2723 se
588 2679 655 2723 non
669 2661 816 2742 amplius
831 2660 1003 2725 Danicum
1021 2680 1137 2742 regem

186 2761 397 2826 admissuros
413 2760 447 2823 in
464 2760 626 2840 Angliam
648 2761 856 2824 unanimiter
870 2761 1137 2843 spoponderunt.

188 2860 257 2924 His
280 2861 400 2942 gestis,
426 2861 469 2924 ab
493 2858 620 2940 Anglis
643 2861 679 2923 in
704 2861 954 2925 Normauniam
979 2861 1138 2938 mittitur,

185 2973 248 3024 rex
263 2960 426 3025 festinato
445 2959 749 3042 Quadragesimali
775 2970 929 3042 tempore
953 2962 1152 3038 reducitur,·

186 3069 221 3123 et
247 3062 291 3124 ab
308 3061 466 3124 omnibus
492 3061 740 3123 honorabiliter
763 3061 947 3142 excipitur.
1001 3061 1140 3125 Interea
1151 3081 1296 3124 cnut-esven

187 3159 324 3224 Canuto
356 3169 392 3225 et
422 3159 696 3224 Lindisiensibus
733 3161 905 3236 convenit,
929 3169 970 3225 ut
995 3160 1139 3224 caballis
1151 3136 1206 3236 22⁰5?
1214 3133 1280 3176 Μ’

186 3261 352 3324 exercitui
374 3280 437 3324 suo
453 3260 597 3341 paratis,
613 3259 806 3342 praedatum
825 3260 927 3323 simul
951 3261 1138 3324 descende-

186 3368 280 3439 rent3
304 3361 363 3424 sed
385 3365 571 3441 antequam
595 3370 712 3424 essent
735 3361 861 3442 parati,
877 3360 972 3424 venit
992 3359 1053 3423 illo
1074 3379 1139 3422 rex

187 3461 393 3542 AEgelredus
419 3479 496 3523 cnm
519 3461 674 3523 exercitu
698 3459 824 3537 valido,
843 3467 878 3523 et
900 3459 1039 3524 Canuto
1062 3449 1139 3523 cum

185 3559 331 3624 classica
361 3579 464 3622 manu
491 3558 650 3641 expulso,
676 3559 918 3640 Lindesegiam
947 3567 1057 3624 totam
1082 3559 1140 3623 de·

221 3843 229 3875 ¹
252 3846 333 3895 Vitam
348 3843 457 3908 finiuit]
493 3843 547 3890 The
574 3841 652 3892 Chro-
677 3841 740 3891 slew
750 3841 841 3890 himin
856 3841 899 3890 the
915 3855 984 3890 same
998 3854 1141 3889 manneras

182 3917 250 3964 “nicle
263 3916 356 3976 simply
367 3914 467 3963 records
486 3913 528 3962 the
539 3912 615 3961 death
627 3912 656 3961 of
678 3911 715 3961 st.
736 3912 882 3960 Mercurius
902 3910 965 3959 slew
986 3910 1076 3959 Julian
1098 3909 1141 3960 the

185 3987 270 4046 Svein,
278 3985 395 4046 omitting
406 3984 449 4032 the
461 3984 574 4032 miracle.
600 3983 654 4032 The
678 3982 812 4043 Apostate.
848 3981 902 4029 The
930 3981 1033 4042 Legend
1056 3981 1085 4029 oi
1103 3981 1140 4030 St.

185 4057 326 4118 Knytlinga
341 4055 408 4116 Saga
421 4053 459 4120 (p.
475 4050 535 4116 184)
550 4053 654 4101 informs
681 4053 827 4101 Mercurius
859 4052 882 4099 is
913 4051 1014 4111 printed
1045 4052 1071 4098 in
1098 4051 1141 4100 the

184 4143 225 4188 us,
237 4125 292 4175 that
310 4123 475 4187 Englishmen
490 4138 537 4184 say
548 4123 602 4171 that
613 4122 655 4170 the
680 4122 828 4170 ‘Homilies
850 4121 878 4169 ol
893 4120 935 4169 the
962 4120 1142 4183 AngloSaxon

185 4198 245 4259 holy
268 4196 331 4257 king
351 4194 470 4243 Edmund
494 4189 655 4259 (tttmundr)
682 4191 1001 4254 church,’v01.1.p.4tn.
