2940 4860
331 374 396 438 114
697 385 905 432 οΗηοΝιοοΝ
921 416 931 423 .,

332 543 658 628 comprehendentes
678 542 900 618 interficiunt,
915 541 1064 624 pecudes
1085 547 1120 604 et
1143 559 1282 623 pecora,

332 667 410 730 quae
428 643 659 728 depraedando
681 650 855 724 ceperant,
871 643 1062 718 excutiunt,
1078 640 1181 704 biduo
1197 641 1281 703 civi-

333 755 441 812 tatem
465 744 633 820 obsident,
649 749 784 824 segetes
807 743 933 825 partim
959 744 1040 825 igne
1065 743 1283 816 comburunt,

334 848 460 931 partim
477 844 696 926 sonipedibus
719 842 940 907 distribuunt.
994 843 1083 906 Haec
1105 850 1185 905 acta
1202 850 1283 904 sunt

334 954 414 1031 post
430 946 511 1010 anni
537 944 715 1019 circulum,
733 963 777 1006 ex
801 963 870 1026 quo
893 944 1052 1026 partibus
1076 943 1119 1006 de
1137 941 1283 1006 Gallicis

335 1048 461 1113 ostium
477 1045 587 1109 amnis
603 1042 755 1107 Limenae
766 1042 1005 1108 intraverant.¹

189 1170 306 1210 anna
387 1147 487 1229 Saepe
510 1145 623 1209 dictus
647 1143 869 1225 Paganorum
885 1143 1070 1220 exercitus,
1085 1142 1166 1226 quia
1194 1140 1286 1203 unde

175 1236 306 1326 ἷέξῇἓξξῖ
337 1248 493 1312 viverent
520 1263 589 1309 non
611 1244 796 1321 habebant,
818 1251 943 1308 cuncta
974 1245 1064 1308 enim
1091 1243 1160 1307 illis
1186 1239 1285 1304 Chri-

75 1364 87 1376 ‘
175 1337 253 1378 Μ*
337 1347 441 1412 stiani
462 1346 688 1421 abstulerant,
708 1351 835 1408 terram
861 1343 1187 1427 Septentrionalium
1209 1341 1286 1404 Bri·

337 1455 456 1513 tonum
481 1452 616 1529 petunt,
638 1463 743 1527 quam
767 1444 870 1526 longe
898 1444 1037 1527 lateque
1054 1444 1287 1519 devastantes,

175 1559 323 1649 fflpgpr
337 1547 490 1631 praedam
522 1564 627 1628 quam
655 1545 842 1610 maximam
875 1563 991 1609 secum
1019 1545 1208 1609 educunt.‘
1242 1541 1289 1605 Et

176 1660 270 1708 Meron
339 1647 502 1731 quoniam
526 1652 666 1728 propter
693 1645 891 1709 Mercenses
915 1646 1080 1728 repedare
1107 1662 1170 1727 per
1194 1641 1288 1705 Mer·

339 1748 429 1814 ciam
452 1764 522 1809 non
548 1745 733 1822 audebant,
758 1744 855 1827 prius
881 1763 943 1827 per
968 1743 1287 1828 Northhymbriam,

340 1847 463 1912 deinde
498 1866 561 1929 per
597 1845 887 1910 Mediterraneam
914 1843 1090 1927 Angliam,
1122 1843 1289 1909 uxoribus

340 1948 555 2028 navibusque
580 1947 652 2009 suis
682 1944 829 2029 receptis
855 1945 890 2009 in
916 1945 1161 2028 East·Anglia‚
1183 1944 1291 2008 modi·

342 2067 419 2112 cam
447 2046 619 2129 quandam
647 2042 808 2122 insulam,
840 2045 993 2128 Meresig
1022 2047 1160 2122 dictam,
1190 2052 1225 2108 et
1255 2043 1291 2107 iu

343 2147 503 2212 orientali
540 2147 645 2230 plaga
682 2145 946 2211 East-Saxoniae
987 2146 1022 2210 in
1060 2146 1148 2210 mari
1177 2145 1292 2220 sitam,

178 2259 302 2299 ”eritho
343 2247 481 2316 adeunt.
544 2247 674 2312 Eodem
705 2266 795 2311 anno
832 2246 935 2311 iidem
963 2247 1030 2330 ipsi
1059 2265 1121 2329 per
1149 2245 1292 2309 fluvium

179 2310 273 2349 Thames
282 2307 324 2348 and

180 2360 289 2458 5¹35,th
291 2359 332 2442 {01-
344 2348 562 2425 Tamensem,
588 2352 624 2411 et
649 2346 868 2430 postmodum
899 2366 962 2430 per
986 2366 1120 2411 amnem
1146 2345 1291 2427 Ligean,

181 2459 260 2501 solves·
343 2467 425 2511 suas
441 2465 546 2512 naves
562 2466 698 2511 sursum
710 2454 904 2523 traxerunt,
919 2447 1053 2530 sibique
1067 2447 1292 2511 munitionem

343 2567 451 2630 prope
473 2546 588 2629 ipsum
610 2565 757 2624 amnem,
782 2565 850 2612 xx.
866 2547 1034 2612 milliariis
1055 2567 1076 2611 a
1098 2546 1291 2623 Lundonia,

345 2646 516 2712 aedificare
530 2644 734 2729 coeperunt.1

182 2754 333 2859 dimi.
370 2746 544 2860 ,AEstatis
566 2754 732 2830 ἵθΠΨῡΐθ,
748 2766 874 2828 111³&ssst
901 2767 982 2830 pars
1002 2748 1129 2813 civium
1154 2747 1293 2811 Lundo-

183 2871 317 2967 ffllgprronypt
344 2847 524 2924 mensium,
548 2853 582 2910 et
608 2847 651 2911 de
674 2847 795 2912 vicinis
818 2847 903 2912 locis
931 2849 1164 2930 quamplures,
1182 2849 1292 2910 muni·

183 2969 313 3010 theeman
346 2955 473 3010 tionem
500 2967 604 3029 quam
629 2947 694 3011 sibi
716 2947 851 3028 Pagani
879 2948 1091 3013 aedificarunt
1115 2948 1292 3012 destruere

183 3019 296 3059 entreuclr-

91 3116 96 3125 ‚
183 3072 251 3110 meni.
345 3046 553 3125 moliuntur;
578 3048 637 3110 sed
662 3047 730 3110 illis
754 3047 889 3112 fortiter
918 3049 1169 3125 resistentibus,
1195 3047 1293 3112 Chri-

346 3146 450 3211 stiani
463 3146 500 3210 in
512 3147 628 3229 fugam
640 3155 832 3224 vertuntur,
847 3155 1063 3230 quatuorque
1072 3149 1114 3212 de
1127 3149 1293 3213 ministris

345 3247 437 3329 regis
461 3247 607 3312 AEltiredi
630 3249 842 3312 occiduntur.
895 3247 975 3330 Ipse
998 3256 1114 3313 autem
1132 3268 1206 3325 rex,
1232 3255 1294 3313 au'-

346 3348 490 3411 tumnali
517 3357 681 3430 tempore,
705 3369 773 3412 non
797 3348 900 3429 longe
930 3350 973 3412 ab
1001 3350 1085 3412 urbe
1111 3358 1296 3413 castrame-

347 3454 441 3511 tatus
470 3456 531 3523 est,
551 3469 593 3512 ea
612 3448 654 3511 de
676 3467 794 3525 causa,
811 3469 854 3512 ne
883 3447 1017 3531 Pagani
1042 3469 1187 3514 messem
1213 3471 1294 3532 pro·

187 3567 268 3606 nina
348 3547 552 3611 vincialibus
576 3549 611 3610 vi
635 3547 818 3612 auferrent.
871 3548 1032 3627 Quodam
1055 3570 1138 3615 vero
1162 3551 1294 3616 dierum

186 3621 254 3708 iiiii?
262 3621 304 3658 Μ
347 3667 409 3728 per
424 3648 517 3730 ripas
544 3649 655 3712 amnis
679 3668 742 3711 rex
765 3650 936 3731 equitans,
960 3648 1190 3715 consideravit
1210 3670 1296 3733 quo-

348 3766 429 3810 nam
456 3747 492 3810 in
522 3747 598 3811 loco
625 3748 761 3812 alveum
791 3748 883 3811 illius
908 3752 1111 3829 obstrueret,
1136 3771 1179 3815 ne
1203 3752 1298 3816 Dani

349 3866 430 3910 suas
462 3847 643 3911 extrahere
674 3867 781 3911 naves
818 3857 982 3930 possent:
1021 3870 1084 3915 nec
1114 3871 1221 3929 mora,
1252 3871 1297 3916 ex

383 4086 389 4114 ¹
407 4087 461 4136 'l'he
482 4089 612 4152 foregoing
633 4092 656 4140 is
681 4093 744 4141 from
767 4093 808 4141 the
836 4092 991 4155 rentlyt‘rom
1003 4109 1018 4143 a
1029 4094 1085 4144 MS.
1098 4097 1204 4159 varying
1218 4099 1300 4146 consi·

348 4156 432 4204 Saron
452 4157 594 4222 Chronicle,
616 4161 711 4224 tlrpugh
731 4178 809 4225 appa·
836 4164 940 4226 derably
951 4164 1014 4213 trem
1025 4164 1095 4214 those
1106 4181 1164 4214 now
1175 4171 1271 4218 extant.
