2940 4860
339 393 404 460 172
669 409 674 418 ’
705 408 913 458 cunourcou

339 575 392 633 est
420 567 506 650 regi,
530 566 622 650 quod
647 565 712 631 nisi
741 571 953 650 praecaveret
976 563 1054 641 sibi,
1079 560 1219 645 quidam
1242 579 1288 624 ex

180 686 306 727 urceum
340 669 411 732 suis
440 668 641 732 auxiliariis
677 676 793 732 essent
816 667 912 730 illum
949 664 1130 730 tradituri:
1159 661 1288 726 idcirco

179 737 422 833 ffimm'mox
451 768 605 832 exercitu
634 768 786 843 dimisso,
813 765 1027 831 Lundoniam
1060 763 1174 839 rediit,
1204 760 1288 825 clito

341 887 422 933 vero
436 869 473 932 in
488 867 788 950 Northhymbriam
802 866 886 932 ivit:
909 865 1000 930 unde
1015 864 1186 948 putabant
1202 879 1288 925 non·

340 969 437 1045 nulli,
454 968 546 1051 quod
562 968 674 1032 adhuc
692 967 857 1032 adversus
880 966 1054 1033 canutum
1076 979 1289 1046 congregare

180 1087 236 1127 cnut
245 1088 287 1127 ma
340 1069 505 1153 maJ'orem
523 1068 628 1134 vellet
650 1068 860 1146 exercitum
884 1066 943 1131 sed
966 1066 1056 1129 sicut
1073 1062 1231 1129 canutus
1252 1067 1290 1125 et

180 1137 292 1227 §rigidus
342 1168 488 1233 Edricus
503 1187 548 1233 ex
563 1188 632 1233 nna
646 1175 757 1251 parte,
768 1168 819 1232 ita
832 1166 890 1231 ille
905 1173 941 1230 et
957 1164 1145 1242 Uhtredus,
1158 1161 1289 1228 North-

179 1238 313 1337 iiffl'iiid
341 1269 563 1352 hymbrorum
606 1286 733 1344 comeS,
772 1266 966 1351 provincias
1009 1271 1091 1328 sunt
1130 1260 1288 1346 populati

178 1342 275 1388 Νη
341 1369 547 1447 nonnullas3
588 1388 668 1434 nam
705 1367 800 1450 prius
837 1365 1127 1439 Staeffordensem,
1164 1361 1289 1426 deinde

340 1468 715 1551 Scrobbesbyrieusem,
730 1475 765 1531 et
781 1466 1079 1548 Legecestrensem
1093 1462 1288 1546 provincias

340 1568 579 1645 devastavere,
595 1569 677 1651 quia
699 1566 864 1631 adversus
889 1567 1070 1630 Danornm
1098 1564 1287 1627 exercitum

341 1668 385 1731 ad
400 1687 554 1750 pugnam
568 1667 663 1732 exire
680 1667 875 1731 noluerunt.
927 1666 1067 1730 Interea
1082 1663 1237 1728 Canutus
1253 1669 1289 1725 et

341 1767 488 1832 Edricus
518 1768 665 1833 Streona
692 1767 850 1850 primitus
878 1764 1287 1849 Buccingahamnensem‚

342 1868 642 1944 Bedesordensem,
689 1866 1011 1942 Huntadunensem,
1059 1862 1287 1929 Northamtu-

341 1988 494 2047 nensem,
533 1967 853 2044 Lindicolinensem,
897 1964 1288 2046 Snotingahamnensem

340 2069 548 2150 provincias,
570 2069 650 2134 dein
675 2066 984 2151 Northhymbriam
1009 2065 1286 2148 depopulantur:

342 2188 411 2251 quo
427 2168 576 2251 cognito,
591 2169 672 2233 clito
689 2166 925 2243 EadmunduS,
947 2164 1213 2248 depopulatione
1236 2162 1287 2226 di-

341 2269 458 2347 missa,
473 2269 516 2333 ad
543 2276 676 2353 patrem
703 2288 804 2333 snum
834 2265 1050 2332 Lundoniam
1077 2265 1287 2348 properavit.

180 2389 321 2430 retrusus
342 2366 468 2434 Comes
482 2389 565 2433 vero
588 2369 764 2434 Uhtredus
788 2367 935 2433 domunr
951 2365 1154 2430 festinanter
1175 2362 1289 2440 rediit,

179 2439 281 2536 iiiiii·
343 2475 378 2532 et
393 2470 598 2534 necessitate
614 2469 823 2552 compulsus,
838 2467 882 2532 a'd
898 2466 1071 2532 Canutum
1088 2484 1165 2528 cum
1179 2464 1289 2528 ornni-

180 2540 299 2580 mmm
342 2569 406 2631 bus
427 2567 803 2650 Northhymbrensibns
823 2587 861 2631 se
878 2567 1035 2644 contulit,
1053 2574 1089 2630 et
1104 2564 1239 2629 obsides
1257 2564 1289 2627 ei

342 2666 457 2732 dedit:
482 2675 516 2732 et
534 2676 649 2732 tamen
664 2667 739 2751 ejus
757 2667 859 2751 jussu
873 2666 929 2732 vel
944 2667 1123 2750 permissu,
1139 2685 1161 2730 a
1177 2665 1289 2729 Ture·

341 2767 485 2844 beando,
507 2767 613 2832 nobili
636 2777 672 2833 et
695 2768 831 2832 Danico
846 2767 932 2845 viro,
950 2773 1004 2831 est
1028 2772 1237 2848 peremptus,
1253 2772 1289 2829 et

179 2887 316 2927 cauimus·
342 2885 419 2930 cum
444 2887 485 2931 eo
515 2866 725 2931 Turketelus
757 2867 935 2932 Neavanae
963 2866 1064 2929 filius.
1117 2864 1197 2944 Quo
1225 2883 1287 2946 pa·

178 2937 329 3077 fflilffl-
342 2973 446 3041 trato,
473 2966 629 3031 Canutus
660 2966 823 3048 Egricum
851 2986 914 3048 pro
943 2964 1099 3029 Uhtredo
1129 2966 1287 3029 comitem

178 3037 268 3127 dimi
341 3066 468 3149 posuit,
485 3074 520 3130 et
545 3074 624 3150 post
648 3069 764 3132 alacer
781 3084 901 3130 versus
922 3072 1076 3130 austrum
1100 3064 1288 3146 paraliam

179 3138 319 3189 mmmm
341 3167 434 3229 viam
450 3187 639 3248 regressus,
649 3175 730 3232 ante
746 3166 949 3231 Paschalem
965 3165 1188 3229 festivitatem
1205 3183 1288 3227 suas

178 3288 282 3327 noenu
341 3284 418 3329 cum
441 3267 534 3330 omni
555 3269 709 3332 exercitu
733 3286 838 3332 naves
860 3265 1007 3348 repetiit.
1059 3264 1111 3327 Eo
1134 3271 1288 3346 tempore

178 3338 297 3379 mm
339 3385 403 3429 rex
432 3365 626 3449 Anglorum
650 3366 856 3450 AEgelredus
879 3383 957 3430 xlv,
974 3364 1172 3440 indictione,
1196 3383 1287 3427 nono

339 3463 411 3529 kal.
428 3467 515 3530 Maii
532 3465 883 3550 [aaApr.],feria11.,
900 3464 1090 3530 Lundoniae
1107 3463 1287 3528 defunctus

340 3573 405 3641 est,
435 3574 514 3647 post
538 3587 682 3649 magnos
709 3568 846 3631 labores
879 3574 915 3630 et
945 3565 1072 3630 multas
1105 3564 1188 3628 vitae
1213 3581 1287 3626 suae

178 3686 296 3728 nausea·
339 3665 602 3743 tribulationes‚¹
621 3686 708 3751 quas
735 3687 839 3750 super
853 3667 950 3729 illum
968 3673 1145 3740 venturas,
1160 3662 1288 3745 regalis
1366 3712 1370 3721 .

177 3736 330 3877 {vo‘ffiijpgf
339 3767 607 3830 consecrationis
622 3786 694 3830 suae
712 3767 778 3843 die,
801 3773 881 3848 post
902 3766 1098 3847 impositam
1113 3782 1287 3840 coronam,

176 3885 292 3926 staura
338 3864 540 3946 prophetico
568 3867 703 3948 spiritu,
729 3874 869 3929 sanctus
898 3865 929 3928 ei
951 3863 1161 3946 praedixerat
1187 3865 1287 3928 Dun-

338 3971 479 4028 stanus:
512 3970 535 4000 “
551 3965 761 4044 Quoniam,''
785 3963 909 4048 inquit,
937 3964 1134 4046 “aspirasti
1163 3964 1208 4028 ad
1233 3983 1289 4027 re-

714 4188 720 4218 ¹
739 4192 800 4241 Sex.
813 4190 906 4240 Chron.
