2940 4860
375 375 441 440 164
746 391 954 440 chronicon

377 551 503 626 exitus,
517 569 585 614 non
605 550 679 615 sine
701 549 781 613 dolo
802 556 838 613 et
859 548 1076 614 simulatione
1095 545 1220 610 oblatis
1241 562 1323 608 con·

377 657 575 730 senserunt;
616 650 697 715 licet
733 650 822 713 enim
859 650 909 713 eis
948 648 1127 713 affluenter
1164 652 1323 727 sumptus

377 758 569 834 pararetur,
594 758 631 815 et
656 750 700 814 ad
725 769 789 814 sua
809 759 892 815 vota
914 749 1080 813 tributum
1105 746 1323 830 penderetur,

376 856 446 916 hon
461 858 575 915 tamen
590 851 797 916 destiterunt
812 850 894 934 quin
918 849 1091 914 turmatim
1108 867 1170 931 per
1184 845 1322 928 provin-

377 951 448 1016 cias
464 951 575 1014 ubivis
590 951 832 1028 discor-tentae,
847 949 948 1046 villas
967 949 1203 1023 devastarent,
1221 947 1324 1009 rebus

378 1050 450 1116 suis
473 1052 616 1115 miseros
635 1051 803 1134 quosdam
823 1050 1023 1132 spoliarent,
1048 1048 1216 1130 quosdam
1241 1064 1324 1110 vero

216 1170 342 1210 monens·
378 1157 548 1217 necarent.
608 1151 665 1217 Ad
698 1151 870 1227 ultimum,
900 1150 990 1214 inter
1023 1148 1267 1214 Nativitatem
1286 1145 1322 1210 S.

216 1221 328 1320 {idducdn'
379 1252 502 1317 Mariae
520 1251 558 1333 [8
575 1252 700 1335 Sept.],
718 1260 753 1316 et
773 1252 809 1316 S.
826 1250 1007 1315 Michaelis
1024 1248 1246 1329 festivitatem
1265 1245 1325 1328 [29

216 1321 357 1420 fflffl‘r
379 1351 504 1433 Sept.],
526 1351 757 1416 Cantwariam
779 1350 1086 1425 circumvallantes,
1106 1346 1325 1413 obsederunt.

215 1421 366 1512 brutus
380 1451 554 1516 vicesimo
578 1460 693 1516 autem
711 1451 898 1516 obsidionis
918 1450 985 1529 aie,
1007 1470 1068 1532 per
1086 1448 1227 1512 insidias
1250 1446 1325 1510 AEr.

379 1552 465 1615 mari
491 1551 734 1630 archidiaconi,
763 1571 864 1634 quem
891 1551 926 1615 S.
947 1549 1128 1632 Alphegus
1154 1569 1197 1611 ne
1222 1547 1325 1610 morti

379 1651 574 1716 traderetur
592 1653 687 1735 prius
705 1652 842 1734 eripuit,
857 1670 938 1734 pars
952 1650 1102 1715 civitatis
1121 1647 1326 1723 incenditur,

216 1771 358 1860 puerperae.
379 1753 551 1816 exercitus
566 1752 769 1834 ingreditur,
781 1754 863 1815 urbs
876 1751 1031 1833 capitur;
1048 1750 1108 1815 alii
1122 1749 1211 1813 ferro
1221 1747 1325 1832 jugu-

234 1826 274 1861 m
290 1831 333 1862 Μ’
379 1851 505 1929 lentur,
529 1853 589 1916 alii
610 1851 757 1916 flammis
774 1857 1034 1928 consumuntur,
1051 1851 1168 1933 plures
1188 1867 1328 1932 quoque.

379 1952 421 2016 de
440 1954 548 2016 muris
568 1953 762 2035 praecipites
776 1953 913 2029 dantur,
931 1951 1087 2016 nonnulli
1102 1969 1164 2032 per
1176 1947 1327 2013 verenda

378 2053 535 2134 suspensi
555 2052 739 2128 deficiunt3
764 2061 932 2117 matronae
949 2052 1098 2115 crinibus
1116 2069 1177 2132 per
1191 2048 1325 2132 plateas

378 2152 529 2217 civitatis
542 2152 730 2230 distracta),
746 2153 881 2217 demum
898 2151 1044 2215 dammis
1058 2151 1208 2235 injectae,
1223 2148 1325 2211 mori-

379 2259 504 2332 untur;
539 2253 677 2334 parvuli
702 2273 724 2317 a
748 2262 895 2318 matrum
922 2252 1082 2316 uberibus
1112 2249 1235 2326 avulsi,
1264 2254 1326 2311 aut

378 2351 508 2417 lanceis'
527 2353 758 2436 excipiuntur,
774 2360 835 2418 aut
853 2361 1036 2436 superacto
1057 2369 1155 2415 carro
1176 2350 1325 2412 minuta-⁴

378 2452 438 2515 tim
461 2460 693 2518 conteruntur.
747 2453 886 2519 Interea
905 2451 1128 2534 archipraesul
1144 2447 1324 2532 Alphegus

378 2551 525 2634 capitur,
541 2553 699 2631 vincitur,
717 2560 864 2630 tenetur,
876 2560 910 2617 et
923 2552 1026 2616 variis
1042 2551 1151 2628 modis
1167 2547 1323 2614 afficitur.

379 2651 554 2715 AElmarus
584 2653 691 2716 abbas
720 2653 920 2717 monasterii
949 2651 983 2715 S.
1009 2649 1201 2733 Augustini
1230 2647 1328 2713 abire.
1375 2713 1378 2718 .

377 2751 598 2832 permittitur.
644 2752 836 2834 Capinntur
848 2751 1039 2816 Godwinus
1052 2750 1236 2815 Hrofensis
1252 2749 1325 2831 epi·

377 2869 515 2932 scopus,
531 2850 704 2916 Leofruna
717 2853 896 2916 abbatissa
909 2851 1108 2916 monasterii
1125 2850 1161 2914 S.
1180 2848 1324 2931 Mildry-

377 2949 472 3026 thae,¹
489 2950 665 3015 AElsredus
679 2949 1173 3035 regispraeposituS,1nonachi
1188 2967 1324 3031 quoque

377 3058 413 3114 et
428 3050 554 3128 clerici,
572 3052 789 3134 populusque
809 3052 988 3135 utriusque
1009 3070 1118 3115 sexus
1130 3051 1325 3113 innumera-

378 3150 466 3215 bilis.
518 3151 611 3215 Exin
626 3152 771 3216 ecclesia
792 3151 921 3216 Christi
938 3151 1088 3234 spoliata
1102 3149 1327 3224 comburitur,

378 3269 465 3330 grex
481 3251 681 3316 monachilis
696 3261 731 3316 et
745 3253 847 3316 turba
861 3250 982 3329 virilis,
997 3251 1057 3314 sed
1072 3249 1247 3314 muliebris
1262 3269 1325 3314 nec

378 3350 557 3429 infantilis,
575 3352 776 3428 decimatur,
793 3370 915 3416 novem
931 3350 1157 3427 trucidantur,
1172 3349 1329 3413 decimus,

379 3450 460 3515 vitae
486 3458 692 3516 reservatur.
745 3450 905 3531 Quatuor
937 3450 1112 3517 monachis
1143 3457 1178 3514 et
1208 3466 1324 3514 noce.

378 3550 462 3614 viris
492 3550 740 3615 decimatorum
771 3570 906 3617 summa
934 3551 1118 3634 perficitur.
1188 3549 1325 3633 Populo

378 3668 482 3727 caeso,
514 3652 597 3715 urbe
630 3652 792 3733 spoliata,
831 3660 865 3716 et
897 3660 972 3717 tota
1011 3657 1175 3727 cremata,
1211 3649 1323 3714 archi-

378 3749 504 3830 praesul
526 3749 708 3833 Alphegus
733 3753 869 3815 vinctus
895 3751 1100 3826 extrahitur,
1125 3750 1324 3832 impellitur,

377 3849 531 3928 graviter
554 3852 741 3927 sauciatur,
766 3851 808 3915 ad
836 3851 981 3916 classem
1011 3851 1158 3927 ducitur,
1184 3856 1263 3933 post
1289 3851 1324 3913 in

377 3966 548 4014 carcerem
570 3950 768 4027 retruditur,
787 3951 902 4034 ibique
922 3967 983 4015 vu.
1004 3951 1178 4015 mensibus
1203 3949 1324 4030 affligi-

583 4171 589 4202 ¹
608 4175 638 4229 S.
650 4175 814 4241 mildretha]
837 4176 867 4226 ln
879 4176 922 4225 the
933 4177 980 4226 isle
992 4177 1021 4225 ol
1027 4175 1133 4231 manet.
