2940 4860
359 372 424 436 104
725 385 931 433 cuaorucou

361 544 395 609 N
398 564 453 607 aru
469 543 605 607 assidue
628 560 710 604 suos
733 541 925 622 episcopos,
941 539 1096 616 comites,
1112 557 1152 602 ac
1167 540 1308 604 nobilis-

359 646 464 707 simos
485 644 618 724 sibique
640 641 878 704 dilectissimos
904 639 1090 716 ministros,
1114 646 1148 702 et
1174 659 1310 722 praepo-

360 745 446 807 sitos
462 763 555 819 suos,
574 741 695 806 leniter
718 739 883 815 docendo,
898 738 1081 816 hortando,
1096 740 1308 823 imperando,

361 843 405 906 ad
422 842 577 906 ultimum
593 840 837 914 inobedientes,
853 838 1081 920 postlongam
1096 840 1309 921 patientiam,

361 944 475 1007 iterius
497 940 712 1022 castigando,
732 939 911 1019 vulgarem
939 939 1124 1003 stultitiam
1149 945 1184 1003 et
1208 941 1310 1021 perti-

362 1043 495 1106 naciam
519 1039 715 1105 omnimodo
743 1037 982 1113 abominando,
998 1038 1042 1102 ad
1066 1058 1164 1102 suam
1189 1039 1308 1103 volun-

361 1150 481 1217 tatem,
510 1148 543 1203 et
568 1140 611 1203 ad
637 1158 850 1202 communem
876 1139 984 1201 totius
1009 1139 1106 1220 regni
1126 1138 1308 1203 utilitatem

359 1239 611 1322 sapientissime
628 1237 833 1303 attrahebat.
886 1235 936 1301 At
953 1237 981 1299 si
997 1237 1087 1301 inter
1104 1238 1233 1320 regalia
1248 1257 1309 1302 ex-

360 1339 587 1415 hortamenta,
619 1344 760 1420 propter
786 1336 962 1417 pigritiam
985 1336 1116 1419 populi,
1141 1338 1309 1420 imperata

359 1458 428 1502 non
453 1437 686 1519 implerentur,
706 1442 768 1498 aut
792 1435 890 1498 tarde
916 1436 1233 1519 incepta,-tempore
1250 1457 1310 1501 ne-

360 1537 531 1600 cessitatis
551 1536 594 1600 ad
617 1535 801 1599 utilitatem
827 1536 1061 1599 exercentium
1084 1538 1197 1600 minus
1213 1536 1310 1601 finita

360 1656 429 1700 uon
445 1632 685 1718 pervenirent,¹
706 1642 744 1697 ut
767 1634 810 1697 (le
833 1635 986 1698 castellis
1006 1637 1109 1700 abeo
1134 1637 1311 1718 imperatis

361 1735 474 1798 adbuc
497 1755 565 1798 non
580 1735 724 1815 inceptis
741 1734 876 1816 loquar,
893 1741 954 1798 aut
975 1736 1116 1798 nimium
1138 1737 1235 1799 tarde
1257 1737 1309 1801 in-

361 1836 471 1917 ceptis
497 1835 540 1898 ad
566 1834 756 1917 perlectum
779 1833 880 1896 finem
899 1853 967 1897 non
991 1834 1177 1915 perductis,
1191 1843 1226 1901 et
1245 1834 1309 1900 ho-

361 1936 458 2000 stiles
474 1935 582 2016 copiae
597 1941 690 1998 terra
704 1935 859 2015 marique
873 1933 1111 2016 irrumperent,
1128 1942 1209 1999 tunc
1227 1954 1310 2000 con-

362 2035 565 2099 tradictores
587 2035 814 2116 imperialium
838 2033 1085 2112 definitionum,
1106 2055 1184 2099 sera
1198 2035 1309 2117 poeni·

362 2135 471 2199 tentia
493 2131 627 2209 attriti?
650 2134 782 2215 regalia
807 2153 844 2197 se
869 2143 1044 2216 praccepta
1066 2135 1233 2199 incuriose
1249 2135 1310 2198 de-

361 2235 518 2316 spexisse
542 2234 690 2311 doluere,
706 2234 926 2315 regalemque
944 2233 1149 2315 sapientiam
1179 2235 1308 2298 collau·

363 2334 496 2410 danteS,
507 2333 598 2416 quod
610 2340 712 2397 antea
721 2333 927 2411 refutavere,
939 2334 1021 2397 totis
1032 2334 1160 2398 viribus
1171 2334 1313 2416 implere

202 2456 343 2499 nonnata·
363 2436 561 2516 promisere.
615 2432 713 2496 Inter
744 2440 870 2496 caetera
894 2452 971 2514 quae
1000 2453 1062 2497 rex
1087 2433 1178 2498 idem
1205 2435 1313 2515 gessit

202 2506 347 2599 bilbili.
364 2534 467 2609 bona,
506 2534 575 2597 duo
618 2539 815 2596 construere
855 2533 1038 2614 imperavit
1082 2535 1311 2612 monasteria3

202 2608 339 2701 ΨΜ
364 2652 469 2696 unum
499 2630 742 2696 monachorum
768 2632 804 2694 in
828 2631 905 2695 loco
933 2633 993 2714 qui
1020 2633 1146 2697 dicitur
1177 2633 1312 2697 AEthel·

364 2730 533 2813 iuga-eg,³
548 2732 606 2795 ubi
621 2731 748 2795 diversi
760 2732 895 2812 generis
909 2732 1085 2796 monachis
1100 2733 1314 2810 coadunatiS,

364 2832 523 2914 primitus
548 2830 740 2894 Johannem
765 2832 1003 2913 presbyterum
1034 2839 1069 2895 et
1095 2832 1312 2910 monachum,

366 2950 491 3013 genere
507 2930 802 3007 Eald-Saxonum,
819 2931 976 2994 abbatem
992 2931 1194 3012 constituit3
1218 2933 1312 2996 aliud

366 3051 503 3113 quoquc
539 3030 782 3094 monasterium
808 3029 915 3113 juxta
947 3031 1152 3097 orientalem
1175 3039 1312 3114 portam

366 3130 633 3213 Secal'tesbyrig,
647 3129 852 3193 habitationi
868 3132 1177 3195 sanctimonialium
1187 3131 1313 3213 habile,

325 3258 331 3277 ·
365 3230 454 3295 idom
478 3251 538 3294 rex
567 3230 737 3293 aedificare
764 3230 958 3311 imperavit,
984 3231 1019 3293 in
1046 3251 1114 3313 quo
1140 3233 1315 3313 propriam

364 3330 469 3395 liliam
485 3329 719 3411 AEthelgeosu,
736 3330 895 3394 devotam
923 3329 997 3394 Deo
1012 3330 1191 3412 virginem,
1208 3333 1314 3396 abba-

366 3431 485 3497 tissam
501 3430 701 3509 coustituit3
726 3449 805 3511 quae
822 3428 890 3492 duo
914 3431 1123 3494 monasteria
1147 3438 1314 3495 terrarum

367 3531 637 3613 possessionibus
667 3530 891 3612 omnibusque
922 3530 1050 3593 divitiis
1077 3530 1313 3612 locupletatim

209 3656 335 3697 rto-mu
366 3630 500 3695 ditavit.
545 3627 602 3692 Ad
617 3628 691 3692 haec
707 3629 810 3692 etiarn
826 3629 1000 3693 dimidiam
1014 3637 1146 3712 partem
1163 3632 1315 3695 omnium

208 3714 346 3749 ''¹‘'“m
367 3729 576 3804 divitiarum,
592 3747 669 3810 quae
695 3729 890 3792 annualiter
906 3729 949 3791 ad
974 3748 1051 3792 eum
1078 3750 1156 3793 cum
1175 3731 1316 3814 justitia

367 3829 548 3913 ailquisitae
571 3829 748 3910 pervenire
771 3835 1032 3904 consueverant,
1050 3830 1126 3893 Deo
1142 3831 1264 3895 devote
1282 3838 1317 3895 et

892 4000 903 4030 ²
917 4019 971 4052 sera
984 4041 990 4053 .
1004 4040 1011 4054 .
1025 4040 1030 4053 .
1042 4005 1147 4068 attriti]
1169 4006 1243 4055 Inani
1262 4023 1318 4070 poe-

372 4116 396 4163 t'
857 4074 1045 4170 nitpntiapaene
1057 4077 1179 4126 exinaniti
1190 4076 1222 4127 Δ.

917 4144 1052 4206 Atheluey·

404 4044 409 4067 ¹
432 4041 593 4090 i'mreuirent
604 4038 646 4099 A,
657 4039 830 4099 provenissent
