2940 4860
412 428 605 478 uuonanrn
633 428 914 478 wlcoarunnsls,
1069 413 1135 478 179

185 590 219 647 et
255 586 408 649 vestibus
440 588 594 665 mutatis,
628 587 825 668 tributoque
857 586 948 668 quod
979 585 1134 650 classica*

184 686 302 749 manui
325 687 533 768 penderetur
559 693 705 763 statuto,
728 687 772 749 ab
794 687 941 749 invicem
966 685 1133 749 discesse-

185 792 277 848 runt.
331 787 424 850 Dani
440 796 555 851 tamen
571 806 649 850 cum
667 787 784 868 pracda
801 805 904 868 quarn
921 786 1134 868 diripuerant

184 902 266 946 suas
284 884 327 948 ad
343 906 449 950 naves
467 887 663 964 redierunt;
687 906 764 950 cum
776 886 900 969 quihus
916 905 1036 969 pacem
1051 887 1134 950 dato

184 985 296 1064 pretio
314 986 408 1050 cives
434 985 692 1050 Lundouieuses
709 986 874 1062 fecerunt,
891 994 925 1050 et
943 1004 1002 1049 eos
1016 1005 1133 1050 secum

184 1083 334 1149 hiemare
361 1086 600 1168 permiserunt.
653 1085 742 1149 Post
765 1085 851 1162 haec,
869 1106 931 1148 rex
956 1085 1130 1149 Eadmnn·
1145 1098 1260 1190 3321&

184 1183 249 1247 dus
279 1185 443 1249 Ferreum
475 1185 597 1257 Latus,
625 1185 717 1249 circa
741 1185 964 1249 festivitatem
995 1186 1031 1250 S.
1057 1184 1131 1249 An·
1263 1180 1267 1190 ’

184 1284 275 1348 dreae
292 1285 452 1367 Apostoli
469 1286 529 1367 [30
547 1286 672 1367 Νον.],
692 1301 753 1348 xv.
772 1285 969 1361 indictione,
985 1287 1134 1350 decessit

186 1382 390 1462 Lundoniae,
403 1386 465 1449 sed
486 1406 567 1449 cum
583 1405 650 1450 avo
672 1404 748 1462 suo,
768 1389 854 1466 'rege
878 1384 1024 1467 pacifico
1040 1385 1132 1448 Ead-

186 1503 284 1563 garo,
300 1486 458 1568 sepultus
473 1496 527 1550 est
544 1485 756 1550 Gleastoniae
771 1481 794 1549 :²
817 1483 917 1568 cujus
943 1490 1022 1567 post
1043 1505 1133 1548 mor·
1146 1497 1245 1537 cnut*

1145 1548 1236 1595 sembles
1245 1547 1282 1587 the

186 1589 267 1661 tem,
300 1605 361 1648 rex
403 1585 559 1650 Canutus
589 1604 707 1649 omues
738 1585 919 1667 episcopos
949 1592 985 1648 et
1015 1584 1132 1662 duces,
1145 1598 1280 1647 birrorum

1145 1649 1226 1695 nobles,
1235 1649 1283 1687 who

184 1703 316 1748 necnon
335 1693 371 1749 et
384 1686 568 1768 principes,
586 1692 796 1766 cunctosque
820 1685 1006 1765 optimates
1018 1686 1132 1766 gentis
1145 1699 1283 1787 {{g¹⁸'}¹¹1¹1¹¹¹

185 1782 335 1866 Angliae,
353 1771 542 1850 [lundoniae
568 1785 772 1865 congregari
785 1782 900 1868 jussit.
955 1784 1037 1863 Qui,
1055 1804 1132 1848 cum
1146 1760 1251 1849 unffi

185 1885 360 1949 venissent
384 1893 466 1950 ante
492 1905 582 1962 eum,
603 1885 701 1968 quasi
726 1884 890 1960 nesciens,
907 1883 1135 1964 interrogavit

185 2004 245 2047 eos
270 1985 492 2066 sagacissime
514 1986 573 2068 qui
599 1986 738 2049 fuerunt
756 1991 862 2047 testes
886 1983 976 2047 iuter
999 2002 1077 2047 eum
1099 1992 1135 2050 et

186 2084 439 2162 Eadmundum‚
467 2086 605 2168 quando
627 2084 889 2150 conventionem
911 2084 1072 2148 amicitiae
1100 2092 1135 2149 et

184 2184 389 2248 divisionem
413 2186 510 2266 regni
534 2185 622 2250 inter
648 2187 743 2268 ipsos
768 2191 962 2265 gesserunt,
985 2184 1135 2267 qualiter

183 2285 258 2366 ipse
274 2293 309 2349 et
328 2285 552 2348 Eadmundus
575 2286 619 2349 de
637 2285 799 2350 fratribus
819 2293 855 2347 et
878 2283 957 2347 filiis
978 2284 1134 2367 ejusdem

184 2385 274 2449 inter
284 2404 324 2448 se
335 2384 441 2450 locuti
457 2384 627 2450 fuissent?
680 2385 808 2450 Utrum
822 2383 987 2448 fratribus
1002 2391 1037 2447 et
1053 2384 1134 2447 liliis

183 2484 260 2568 ejus
289 2485 408 2550 liceret
435 2485 469 2548 in
505 2505 614 2568 regno
648 2482 922 2550 Occidentalium
953 2484 1133 2548 Saxonum

184 2592 263 2666 post
280 2592 413 2667 patrem
430 2606 548 2650 eorum
560 2605 713 2668 regnare,
732 2584 762 2649 si
780 2585 1005 2648 Eadmundus
1022 2604 1132 2648 more·

184 2692 279 2748 retur
302 2687 440 2750 vivente
456 2686 538 2750 illo?
589 2684 639 2750 At
664 2686 715 2750 illi
742 2693 922 2768 coeperunt
948 2686 1073 2761 dicere,
1095 2704 1133 2748 se

184 2786 409 2867 proculdubio
427 2786 516 2850 scire
530 2786 622 2869 quod
646 2805 708 2849 rex
731 2785 956 2849 Eadmundus
968 2785 1131 2848 iratribus

183 2886 256 2948 suis
274 2885 402 2949 nullam
425 2887 618 2968 portionem
644 2888 740 2968 regni
763 2885 829 2962 sui,
846 2905 909 2949 neo
926 2885 1132 2967 suspirante

184 3004 294 3068 neque
310 2986 488 3064 moriente,
504 2987 799 3059 commendassem
824 2985 1053 3067 dixeruntque
1067 2984 1132 3049 hoc
1187 3010 1192 3018 ·

183 3105 221 3148 se
239 3104 351 3162 nosse,
370 3086 611 3150 Eadmundum
634 3105 748 3167 regem
773 3084 861 3147 velle
877 3083 1051 3148 Canutum
1070 3085 1132 3147 ad-

180 3185 331 3268 jutorem
355 3193 390 3250 et
415 3193 644 3268 protectorem
664 3205 738 3249 esse
755 3183 904 3248 filiorum
921 3182 1007 3267 ejus,
1024 3184 1132 3247 donec

184 3286 348 3367 regnandi
382 3293 520 3351 aetatem
550 3285 763 3351 habuissent.
816 3283 947 3346 Verum
987 3283 1048 3360 illi,
1081 3291 1132 3347 te·

184 3393 298 3450 stante
317 3386 404 3463 Deo,
423 3387 548 3450 falsum
563 3386 812 3470 perhibuerunt
829 3383 1074 3459 testimonium,
1098 3390 1134 3446 et

184 3486 421 3551 fraudulenter
438 3487 574 3550 mentiti
589 3496 683 3563 sunt,
700 3485 943 3549 existimantes
958 3483 1053 3546 illum
1069 3483 1135 3546 sibi

184 3594 219 3649 ct
241 3587 411 3651 mitiorem
434 3606 509 3650 esse
533 3594 675 3669 propter
699 3583 912 3649 mendacium
942 3602 1073 3659 eorum,
1100 3591 1136 3647 et

184 3705 221 3750 se
244 3688 351 3751 abeo
374 3686 523 3769 pretium
554 3706 688 3750 sumere
709 3702 885 3767 magnum.
938 3683 994 3746 Ex
1011 3683 1135 3765 quihus

184 3784 280 3851 falsis
299 3788 445 3851 testibus
468 3787 621 3870 quidam,
638 3807 706 3850 non
726 3792 807 3869 post
824 3783 970 3847 multum
988 3791 1135 3864 tempus

184 3889 228 3951 ab
246 3885 366 3952 eodem
383 3907 464 3967 rege
480 3894 561 3950 sunt
578 3886 762 3951 interfecti.
807 3884 907 3948 Tunc
931 3903 992 3947 rex
1019 3882 1136 3947 Canu·

181 4082 314 4134 ‘Cauuto'
334 4084 356 4131 is
375 4083 475 4129 written
499 4082 524 4145 iu
547 4095 562 4129 a
584 4081 648 4128 later

181 4144 258 4204 haud.
275 4153 328 4201 The
337 4153 422 4200 words
430 4151 519 4199 within
530 4149 648 4198 brackets

182 4241 225 4275 are
237 4222 355 4286 supplied
367 4223 430 4270 from
442 4222 473 4272 R.
481 4220 630 4269 Wendover.

708 4109 715 4143 ¹
733 4113 793 4162 Sax.
806 4111 908 4173 Chron,
918 4109 1014 4170 though
1026 4110 1077 4160 less
1088 4111 1137 4160 cir·

672 4182 869 4242 cumstantially.

973 4316 1016 4359 nu
