2940 4860
376 432 568 482 rnonnuru
593 429 871 482 wroonrurusm.
1038 411 1103 476 153

156 592 337 658 Cuthberti
361 612 503 676 corpore
525 593 730 674 vagabatur,
753 590 863 654 donec
887 589 922 653 in
944 588 1020 652 loco
1042 587 1241 691 quiffirgin·

157 691 433 774 Cuuegaceastre
453 692 590 769 dicitur,
606 690 813 773 episcopalis
830 688 994 754 cathedra
1010 694 1104 752 esset
1115 700 1215 741 removed
1224 704 1247 740 to

1115 752 1242 791 chester-le·

154 792 279 869 locata,
303 793 395 874 quod
422 792 551 857 sactum
581 799 635 854 est
665 798 819 872 tempore
834 788 983 852 AElfrodi
1011 791 1243 891 regisffi'enu

155 889 360 972 Auglorum.
406 892 494 956 Post
515 909 683 954 annorum
710 889 881 954 curricula
903 889 1103 966 multorum,-
1116 901 1252 942 tenuram·

154 997 321 1072 regnante
342 990 528 1072 AEgelredo
552 1009 634 1070 rege
648 988 853 1070 Anglorum,
875 1007 1002 1070 corpus
1025 1007 1104 1052 san-

155 1097 261 1167 ctum,
273 1091 363 1154 sicut
376 1089 516 1155 oraculo
525 1088 658 1152 coelesti
668 1094 969 1170 praemonstratum
979 1087 1103 1164 fuerat,

156 1191 191 1252 in
207 1189 440 1254 Dunhelmum
464 1189 635 1271 perlatum
656 1196 720 1265 est,
737 1194 842 1270 atque
857 1187 957 1251 sedes
972 1189 1104 1268 episco-

157 1288 246 1371 palis
272 1289 397 1354 ibidem
423 1288 623 1352 constituta.
676 1286 810 1351 Idcirco
839 1290 981 1351 sanctus
1007 1287 1105 1352 Beda

158 1387 470 1452 Liudissarnensem
504 1387 685 1451 ecclesiam
716 1387 825 1469 ponit,
857 1387 917 1450 ubi
945 1387 1104 1467 primitus

156 1487 255 1551 sedes
282 1495 357 1552 erat
386 1486 610 1570 episcopalis3
642 1492 797 1568 tempore
825 1504 972 1567 namque
999 1486 1104 1550 Bodae

158 1588 252 1650 nulla
269 1595 343 1651 erat
358 1587 509 1668 cognitio
526 1584 725 1650 Duuheluii.
777 1584 880 1649 Anno
894 1588 974 1650 vero
990 1587 1034 1648 ab
1049 1586 1104 1648 in-

158 1683 719 1751 carnatione'DomininostriJesu
730 1684 858 1749 Christi
868 1701 1104 1762 mccccxcm,

158 1786 256 1849 sedes
270 1785 475 1869 episcopalis
488 1787 524 1849 in
540 1784 774 1849 Dunhelmnm
791 1787 960 1849 translata
975 1792 1039 1848 est.

209 1882 361 2018 alfricus
386 1885 612 1950 Doruberuiae
632 1884 911 1967 archiepiscopus
928 1903 1107 1948 consecra·
1121 1894 1260 2010 &Diffi-⁶

157 1993 225 2050 tur.
695 2034 696 2038 =
1122 1987 1262 2050 conducatur.
1294 2023 1298 2031 ·

210 2086 389 2150 Danorum
404 2087 589 2164 exercitus,
606 2087 663 2168 qui
684 2093 895 2151 remanserat
911 2087 948 2149 in
965 2083 1107 2166 Anglia,
1139 2088 1256 2132 Mim-

160 2185 453 2268 circumnavigata
482 2185 769 2264 west-saxonia,
794 2187 919 2251 ostium
951 2182 1107 2248 Sabriuue
1121 2158 1249 2247 ffddssid'

161 2284 309 2349 fluminis
333 2287 489 2362 intravit,
515 2294 552 2349 et
573 2304 664 2349 nunc
686 2284 989 2368 septentrionalem
1016 2284 1105 2366 Bry-
1119 2258 1210 2356 533⁵

159 2386 327 2461 tenuium,
357 2405 448 2449 nuuc
478 2385 699 2461 cornubiam,
725 2405 817 2449 nuuc
846 2386 880 2448 in
911 2356 1267 2456 Domnaniass‘i'difio,

160 2484 371 2567 Wecedport
385 2485 592 2562 devastavit,
608 2484 768 2566 villisque
783 2484 1044 2568 quamplurimis
1058 2483 1108 2546 in-

161 2586 283 2661 censis,
307 2584 434 2648 multas
453 2584 628 2648 hominum
651 2591 785 2666 strages
810 2585 913 2648 dedit.
960 2581 1107 2660 Deinde,
1119 2606 1170 2646 unu
1179 2604 1202 2644 u
1211 2604 1249 2644 uo

163 2682 448 2749 Peuwithsteort²
472 2685 635 2765 regirato,
658 2685 693 2746 in
720 2685 847 2748 ostium
870 2684 1020 2746 fluminis
1036 2683 1107 2747 Ta·
1120 2657 1208 2701 mm

162 2803 265 2846 merae
296 2781 526 2863 Domnaniam
557 2790 592 2847 et
620 2782 827 2848 Cornubiam
859 2783 1110 2864 sequestrantis

161 2882 336 2960 devectus,
352 2884 498 2947 navibus
514 2883 696 2966 prosilivit,
713 2882 876 2965 nulloque
895 2883 1109 2965 prohibente,

163 3001 272 3063 usque
290 2983 333 3046 ad
358 2982 588 3066 Lydefordam
605 3001 705 3045 suum
720 2982 914 3046 incendium
930 2982 1109 3046 continuu-

162 3081 224 3158 vit,
242 3089 277 3146 et
292 3083 402 3146 caedes
420 3083 594 3147 hominum
612 3083 797 3146 reiteravit.
842 3080 898 3145 Ad
915 3082 989 3144 haec
1004 3083 1108 3146 etiam
1121 3103 1175 3142 uum
1185 3101 1250 3141 rau.

165 3179 297 3245 Ordulfi
325 3182 528 3247 Domuauiae
555 3181 712 3264 primatis
737 3181 993 3256 monasterium,
1016 3181 1108 3262 quod
1121 3153 1264 3202 '‘mum'‘

163 3279 370 3345 Tcavistoce
416 3282 625 3359 nominatur,
667 3281 867 3357 combussit,
908 3281 1109 3361 ingentique

164 3381 281 3460 praeda
296 3390 453 3459 onustus,
477 3382 520 3445 ad
543 3399 649 3445 naves
665 3380 853 3464 repedavit,
869 3379 1057 3460 eodemque
1073 3379 1109 3442 in

164 3478 240 3543 loco
258 3480 446 3547 hiemavit.³

216 3580 430 3644 Memoratus
456 3580 678 3662 Paganorum
701 3583 873 3646 exercitus
898 3581 1023 3646 ostium
1045 3578 1109 3643 flu·
1140 3600 1258 3641 nume.

165 3680 265 3743 minis
281 3681 372 3761 quod
390 3681 514 3744 Frome
529 3681 654 3745 dicitur
670 3681 849 3764 appulsus
867 3679 1111 3772 Dorsetaniam
1122 3667 1260 3767 {iffi}

166 3779 318 3844 maxima
332 3798 378 3843 ex
393 3787 492 3862 purte
512 3781 727 3865 devastavitp
746 3780 825 3846 dein
838 3781 1034 3863 frequenter
1050 3779 1111 3844 Iu·
1123 3768 1225 3908 Ξῖἓξέξζῗ

166 3879 276 3942 sulam
294 3879 442 3945 Vectam
462 3881 557 3957 adiit,
578 3900 671 3964 saepe
694 3879 939 3946 Dorsetaniam
964 3879 1112 3962 repetiit,
1125 3867 1254 3959 fflm

202 4029 209 4059 ¹
227 4034 287 4081 Sax.
297 4032 389 4083 Ghron.
689 4037 699 4068 ³
716 4033 874 4084 smenon.
890 4033 1017 4083 Defuncto
1025 4034 1114 4096 Sigaro

200 4098 210 4127 ¹
227 4103 437 4166 Penwititsteort]
454 4103 509 4152 The
532 4104 626 4153 Land’s
654 4103 775 4153 Wellensi
792 4104 920 4166 episcopo,
936 4105 1059 4155 successit
1069 4105 1115 4154 Al·

167 4173 233 4222 End.
654 4175 745 4223 winus.
782 4172 848 4223 Add.
859 4173 910 4222 olio
922 4187 1002 4224 nunu.
