2940 4860
359 397 552 445 ruonuurn
578 397 859 447 wmonuruusrs.
1021 381 1087 446 191

136 556 228 637 gliae,
256 563 291 620 et
318 556 477 621 Haroldo
503 576 585 641 pars
613 556 906 641 septentrionalis
934 556 1088 620 Heerde-

136 663 264 719 canuto
287 657 448 738 provenit
470 657 644 721 australis.
696 657 793 722 Obiit
808 657 1000 722 Rotbertus
1015 657 1088 720 dux
1102 675 1181 716 noun
1194 673 1253 714 aare

140 755 176 820 N
178 775 433 833 ormauuorum,
457 757 512 821 cui
535 757 702 821 successit
720 757 919 821 Willelmus
947 725 1252 822 Bastar-gifflffiffndy

138 855 214 932 dus,
231 855 321 920 filius
338 856 426 939 ejus,
440 858 475 920 in
494 857 616 939 puerili
632 864 744 921 aetate.
1101 827 1214 917 qb‘iffnl’?

188 953 396 1039 [Piligrinus
408 956 687 1039 archiepiscopus
697 956 924 1033 ColoniensiS,
942 955 1087 1038 instiga·
1114 975 1243 1015 numne

140 1062 196 1118 tus
222 1056 438 1137 quorundam
459 1056 653 1120 invidorum
676 1056 935 1134 monachorum,
954 1056 997 1119 de
1019 1077 1089 1120 mo·
1102 1041 1220 1142 {mm

140 1155 293 1219 uesterio
330 1155 366 1220 S.
408 1155 645 1233 Pantaleouis,
683 1157 810 1233 verbis,
848 1156 908 1238 qui
947 1156 1088 1220 Heliam
1102 1143 1214 1243 ffffl'„

141 1256 300 1318 abbatem
331 1255 541 1332 Scottorum,
574 1256 633 1339 qui
665 1256 734 1320 illis
768 1276 906 1338 quoque
940 1257 1089 1339 praefuit,
1102 1241 1240 1334 ffliffifsst‘ffi

140 1362 281 1437 propter
298 1354 547 1418 districtionem
564 1375 675 1432 suam,
690 1366 725 1422 et
743 1357 830 1420 alios
847 1355 985 1421 Scottos
1003 1376 1090 1438 quos

141 1473 258 1518 secum
278 1454 409 1532 habuit,
425 1454 504 1519 odio
522 1455 714 1534 habebaut3
738 1455 904 1538 praefatus
922 1455 1090 1539 archiepi-

141 1573 267 1637 scopus
287 1556 439 1618 minatus
461 1563 513 1618 est
530 1555 639 1619 eidem
655 1556 782 1633 Heliae,
798 1555 889 1637 quod
905 1553 1090 1639 postquam

141 1654 183 1717 de
210 1662 306 1718 curte
328 1655 423 1736 regia
440 1655 602 1732 venisset,
628 1656 759 1719 nullum
791 1655 950 1721 Scottum
980 1677 1090 1739 neque

143 1755 255 1837 ipsum
271 1753 319 1817 ibi
335 1754 533 1819 dimisisset.
585 1755 684 1819 Tunc
707 1756 831 1819 Helias
847 1763 882 1819 et
903 1756 962 1818 alii
980 1756 1091 1821 Scotti

143 1854 411 1935 responderunt:
445 1853 504 1918 ‘Si
536 1854 695 1920 Christus
726 1856 761 1919 iu
792 1856 890 1919 nobis
925 1875 1004 1920 vere
1037 1863 1091 1920 est

142 1956 354 2036 peregrinus
386 1974 454 2021 nou
486 1962 678 2019 revertetur
708 1955 806 2019 vivus
837 1954 881 2018 ad
912 1954 1091 2019 Coloniam

144 2055 421 2137 archiepiscopus
452 2055 665 2137 Piligrinus'
718 2055 775 2119 Ita
803 2074 940 2137 quoque
971 2056 1092 2120 Domi-

145 2175 210 2218 nus
224 2155 348 2233 effecit,
363 2163 398 2219 et
411 2154 535 2219 Helias
552 2154 620 2219 duo
637 2157 847 2220 monasteria
864 2154 984 2241 rexit]

142 2296 145 2302 -
195 2254 404 2320 Innocentes
426 2256 570 2320 clitones
594 2255 770 2320 AElfredus
798 2264 833 2320 et
864 2255 1090 2331 liudwardus,
1104 2271 1231 2312 ‘rocethe-

145 2356 323 2436 AEgelredi
365 2356 537 2438 quondam
579 2357 670 2438 regis
703 2355 896 2438 Anglorum
934 2356 1008 2432 filii,
1048 2323 1254 2419 deffi'rffqsslffu

147 2455 375 2533 Normaunia,
391 2456 450 2520 ubi
465 2476 543 2519 cum
561 2456 713 2521 Ricardo
730 2457 899 2520 avunculo
915 2476 977 2520 suo
996 2456 1093 2519 man·
1104 2422 1211 2525 {¹5¹⁸qu

145 2563 261 2620 serant
276 2565 430 2639 ternpore
447 2556 564 2638 longo,
580 2556 698 2620 multis
717 2557 752 2619 N
754 2556 960 2621 ormauuicis
975 2557 1093 2621 militi-

145 2658 210 2719 bus
233 2677 349 2720 secum
374 2656 571 2739 assumptis,
596 2657 633 2720 iu
652 2655 816 2739 Angliam
841 2657 961 2739 paucis
983 2663 1092 2721 trans-

144 2757 234 2820 vecti
261 2758 419 2834 navibuS,
443 2757 487 2820 ad
516 2776 588 2820 suae
617 2758 735 2820 matris
765 2757 987 2839 colloquium,
1013 2777 1094 2839 quae

147 2859 346 2921 morabatur
359 2857 563 2934 Wintouiae,
580 2877 722 2922 venere:
747 2857 839 2940 quod
859 2857 1000 2940 indigne
1014 2877 1094 2937 gra-

147 2958 302 3040 viterque
327 2959 482 3021 serebant
507 2965 664 3039 potentes
694 2958 861 3033 nonnulli,
893 2958 986 3039 quia,
1016 2956 1096 3020 licet

148 3057 314 3141 injustum
338 3065 441 3135 esset,
467 3057 626 3121 Haroldo
652 3057 762 3120 multo
789 3057 982 3122 devotiores
1007 3057 1097 3121 exti-

149 3166 221 3220 tere
244 3178 345 3240 quam
365 3158 446 3236 illis,
470 3158 630 3233 maxime,
653 3164 692 3220 ut
715 3157 836 3233 fertur,
858 3175 972 3219 comes
998 3155 1094 3220 God-

151 3259 269 3321 winus.
337 3258 408 3321 Hic
448 3258 584 3339 quidem
622 3256 827 3333 AElsredum,
858 3276 935 3319 cum
976 3275 1095 3319 versus
1107 3273 1206 3314 muers

151 3356 379 3434 Luudoniam,
408 3357 451 3420 ad
485 3357 577 3438 regis
609 3356 759 3420 Haroldi
796 3355 1019 3438 colloquium,
1057 3325 1209 3423 ιιὶῖῗῗῖιῗῖη

150 3458 341 3535 mandarat,
361 3464 575 3541 properaret,
593 3457 745 3533 retinuit,
762 3464 797 3521 et
817 3463 913 3520 arcta
927 3456 962 3519 iu
980 3446 1097 3532 custo·
1108 3423 1228 3467 ΝΜ

150 3557 208 3619 dia
227 3558 362 3639 posuit:
389 3557 561 3622 sociorum
575 3576 657 3621 vero
676 3557 769 3619 illius
786 3555 951 3637 quosdam
970 3554 1097 3620 distur-

150 3658 256 3732 bavit,
290 3658 457 3738 quosdam
489 3657 675 3734 catenavit,
707 3665 742 3720 et
774 3663 897 3739 postea
926 3657 1095 3730 coecavit3

153 3754 336 3821 nonnullos
371 3764 449 3821 cute
483 3759 607 3839 capitis
640 3759 817 3820 abstracta
851 3756 1030 3832 cruciavit,
1063 3762 1099 3819 et

152 3858 308 3921 manibus
333 3877 374 3921 ac
394 3857 538 3941 pedibus
563 3857 751 3939 amputatis
776 3856 946 3932 multavit,
971 3856 1099 3920 multos

152 3958 256 4021 otiam
270 3958 372 4022 vendi
384 3958 502 4041 jussit,
517 3963 552 4021 et
567 3957 732 4022 mortibus
749 3957 853 4022 variis
868 3975 909 4019 ac
924 3955 1102 4029 miserabi-

152 4059 242 4122 libus
262 4058 354 4140 apud
378 4057 626 4140 Gylde'sordam
647 4065 830 4121 sexcentos
854 4057 946 4120 viros
963 4056 1100 4121 occidit.

154 4158 222 4223 Sed
249 4159 386 4222 illorum
417 4178 508 4221 nunc
536 4158 669 4220 animas
700 4156 735 4219 iu
763 4157 924 4238 paradiso
955 4157 1103 4220 creditur
