2940 4860
384 397 575 445 rnoanuru
604 398 884 446 wmoamnnsrs.
1043 383 1108 447 127

157 553 344 636 cingentes
362 556 493 621 tamdiu
518 557 725 640 impugnant
751 557 859 621 donec
882 567 1107 640 expugnent;

157 673 274 718 omnes
306 664 434 735 autem,
465 659 621 740 exceptis
652 658 772 740 paucis
800 659 859 740 qui
889 658 1107 740 aufugerant,

157 754 378 834 interficiunt,
395 765 429 822 et
445 758 608 840 quicquid
623 759 718 822 intus
735 758 909 840 reperiunt
932 758 1106 841 diripiunt.

158 853 262 932 Quod
294 856 386 920 Dani
425 856 690 940 East-Angliam
728 858 917 922 incolentes
953 859 1107 939 graviter
1119 873 1166 963 333
1175 873 1247 912 nunes

158 954 317 1033 ferentes,
333 976 500 1040 suamque
516 957 676 1041 injuriam
692 958 810 1021 ulcisci
826 958 1012 1040 cupientes,
1029 978 1106 1022 cum
1120 934 1219 1020 Mediis

157 1056 291 1137 piratis,
321 1076 407 1138 quos
433 1058 468 1120 in
496 1057 661 1121 auxilium
690 1059 755 1121 sibi
781 1065 1039 1136 contraxerant,
1063 1059 1106 1123 ad

159 1155 372 1220 Maeldunam
401 1158 545 1239 profecti
571 1167 664 1236 sunt,
693 1166 729 1222 et
752 1176 826 1221 eam
851 1159 984 1222 tamdiu
1014 1160 1105 1223 obsi-

159 1255 278 1320 dentes
309 1257 570 1340 impugnabant,
594 1257 709 1341 quoad
736 1256 861 1340 Anglis
885 1258 927 1321 de
954 1259 1107 1323 finitimis

158 1356 243 1420 locis
268 1358 442 1421 auxiliarii
455 1359 648 1439 venissent3
672 1377 759 1441 quos
775 1378 853 1422 cum
870 1359 963 1421 Dani
979 1359 1106 1423 adven·
1119 1373 1268 1423 arererused·

158 1463 233 1520 tare
249 1457 425 1536 vidissent,
441 1459 485 1521 ab
496 1459 590 1522 urbis
606 1459 863 1540 impugnatione
880 1466 1106 1524 recesserunt.

160 1557 240 1620 Hoc
267 1558 355 1636 viso,
380 1557 487 1640 Angli
512 1558 590 1622 illos
618 1578 744 1640 magno
767 1559 899 1641 impetu
924 1561 1107 1640 persecuti,

159 1657 269 1721 multa
288 1658 397 1722 millia
420 1665 455 1723 et
480 1658 523 1722 de
546 1659 669 1740 piratis
693 1658 786 1722 etde
803 1659 1106 1740 caeterisprostra-

159 1765 295 1834 verunt,
327 1758 479 1841 reliquos
504 1777 587 1822 vero
613 1759 832 1839 fugaverunt.
885 1758 968 1822 Non
997 1760 1106 1823 multo
1119 1775 1236 1864 sufflo

160 1867 239 1940 post
254 1878 316 1922 rex
336 1858 583 1922 invictissimus
610 1858 824 1923 Eadwardus
839 1857 1106 1922 West-Saxoni·
1118 1877 1246 1916 rowcesrer.

159 1978 235 2022 cam
244 1959 497 2040 expeditionem
512 1958 556 2022 ad
572 1956 786 2023 Passanham
800 1957 913 2034 duxit,
929 1966 964 2022 et
977 1959 1106 2022 tamdiu

160 2058 208 2121 ibi
244 2059 399 2123 consedit
434 2058 542 2123 donec
579 2061 661 2122 urbs
698 2058 931 2122 Toveceastra
969 2058 1105 2140 lapideo

161 2159 355 2240 cingeretur
391 2179 510 2225 muro:
543 2159 634 2223 unde
677 2159 833 2222 Danicus
871 2177 985 2222 comes
1016 2158 1106 2222 Tur·
1119 2174 1241 2266 mppr)

159 2258 304 2337 ferthus‚
335 2260 418 2342 quia
446 2260 538 2342 regis
568 2259 698 2323 diutius
723 2259 920 2323 strenuitati
947 2259 1107 2323 resistere
1120 2275 1242 2317 narrem.

161 2378 230 2422 non
241 2359 391 2438 valebat,
402 2379 479 2423 cum
495 2360 627 2425 civibus
642 2367 676 2424 et
691 2358 960 2442 provincialibus
974 2359 1105 2441 North·

161 2461 434 2537 amtunensibus,
464 2460 575 2524 Danis
604 2467 639 2524 et
669 2458 805 2541 Anglis‚
834 2459 908 2541 regi
935 2478 972 2523 se
1005 2459 1107 2524 dede·

160 2559 232 2624 bat.
285 2560 353 2624 His
379 2561 499 2643 gestis,
530 2581 592 2624 rex
624 2560 762 2624 domurn
790 2559 903 2636 rediit,
933 2559 1107 2644 aliumque
1119 2574 1263 2624 nuntiorum

1118 2627 1221 2668 restored.

161 2659 350 2724 exercitum
383 2661 427 2725 ad
458 2659 676 2724 Huntandun
706 2680 724 2724 e
753 2660 902 2742 vestigio
932 2661 1036 2737 misit,
1068 2668 1109 2724 ut

162 2759 338 2824 civitatem
369 2761 575 2825 resarcirent
607 2767 642 2824 et
680 2768 895 2836 renovarent,
925 2767 960 2824 et
1000 2760 1036 2822 in
1067 2780 1109 2824 ea

162 2859 321 2924 custodes
336 2868 514 2943 ponerent.
567 2859 702 2938 Quibus
723 2860 880 2944 patratis,
896 2880 1015 2924 omnes
1030 2880 1109 2943 pro·

162 2959 326 3025 vinciales
340 2961 403 3038 illi,
419 2960 478 3043 qui
494 2961 673 3025 Danorum
687 2967 889 3043 supererant
903 2961 1109 3037 crudelitati,

162 3079 199 3123 se
215 3062 374 3124 manibus
385 3060 523 3125 illorum
539 3062 691 3126 evasisse
715 3061 917 3142 gaudentes,
933 3080 1054 3143 pacem
1076 3067 1112 3124 et

162 3162 390 3241 patrocinium
409 3161 501 3243 regis
522 3163 698 3244 petebant,
715 3162 815 3243 eique
832 3161 886 3224 sui
904 3160 1110 3225 deditionem

163 3259 358 3325 offerebant.
406 3260 533 3325 Paucis
550 3280 631 3326 vero
645 3260 835 3345 interjectis
849 3260 980 3336 diebuS,
993 3260 1109 3324 West-
1122 3275 1243 3364 ⁰⁰¹⁰¹1¹2⁸J⁹¹

162 3359 334 3425 Saxonico
364 3361 559 3426 coadunato
584 3346 750 3439 exercitu,
780 3360 823 3424 ad
855 3336 1225 3424 coleceastram¹⁶¹³⁸¹f

162 3480 225 3523 rex
244 3462 338 3537 abiit,
355 3469 390 3526 et
406 3481 541 3525 murum
558 3461 650 3524 illius
674 3461 933 3541 redintegravit,
950 3460 1111 3542 virosque

162 3560 198 3623 in
219 3580 261 3624 ea
277 3560 459 3627 bellicosos
487 3581 565 3625 cum
592 3560 764 3643 stipendio
788 3561 914 3643 posuit.
967 3559 1111 3623 Interim
1122 3573 1256 3664 2533in

162 3660 205 3723 de
221 3651 455 3742 East-A'nglia
469 3668 504 3725 et
520 3660 774 3725 East-Sexonia
791 3659 890 3724 multi
907 3659 1111 3742 Anglorum,
1123 3675 1235 3725 anellans-

163 3761 222 3842 qui
244 3761 351 3825 ferme
379 3778 477 3825 xxx.
497 3781 605 3825 annos
632 3761 759 3825 feritati
783 3760 1006 3842 Paganorum
1031 3760 1111 3823 sub·

134 3845 334 3943 'jacebant
351 3862 432 3927 laeto
463 3862 577 3926 animo
607 3880 644 3925 se
679 3863 753 3942 regi
784 3860 1013 3944 subjiciebant
1022 3864 1035 3938 '3
1068 3858 1111 3923 ad

161 3980 264 4044 quem
294 3962 398 4025 etiarn
427 3962 520 4026 Dani
547 3959 812 4043 East-Angliam
841 3960 1029 4024 incolentes
1053 3979 1113 4024 ve*

160 4069 297 4139 nerunt,
315 4069 350 4126 et
367 4082 405 4126 se
427 4063 513 4126 mari
529 4070 689 4145 terraque
703 4063 749 4125 nil
765 4060 856 4146 quod
873 4081 992 4142 regern
1009 4059 1117 4123 offen-

160 4162 256 4226 deret
287 4163 423 4244 penitus
455 4171 594 4227 acturos
627 4169 842 4227 sacramento
881 4161 1115 4225 firmaverunt.
