2940 4860
412 406 603 455 nronsnru
628 406 905 456 wroonmnnsrs.
1094 385 1138 451 83

189 560 319 626 funeris
340 562 506 629 dominati
525 572 616 629 sunt.
671 564 739 628 His
763 565 811 628 ibi
834 564 885 628 ita
909 563 1029 645 gestis,
1056 568 1257 665 90⁸1&ssng
1285 624 1298 662 n

188 668 339 743 quatuor
353 664 425 729 dies
441 664 608 730 AEthered
622 683 685 728 rex
709 672 745 730 et
768 664 899 728 AElfred
922 664 1030 727 frater
1048 662 1135 746 ejus,
1148 637 1236 716 AEurssd-
1256 636 1283 665 ’ῃ

188 761 351 829 adunatis
366 765 497 830 viribus
518 771 799 848 congregatoque
824 765 991 840 exercitu,
1019 762 1135 826 Read-

188 863 305 945 ingum
324 865 504 944 adierunt;
528 884 675 948 cumque
696 882 806 948 usque
827 864 870 928 ad
891 871 1028 946 portam
1045 864 1134 927 arcis

187 965 435 1044 pervenissent,
453 966 617 1031 caedendo
635 972 671 1030 et
690 964 938 1048 prosternendo
962 982 1132 1045 quoscun-

186 1081 255 1144 que
271 1063 314 1136 de
327 1064 484 1147 Paganis
500 1074 602 1131 extra
618 1084 731 1130 arcem
755 1066 976 1141 invenissent,
997 1063 1133 1144 Pagani

186 1181 256 1227 non
280 1166 420 1247 segnius
437 1169 630 1243 certabant,
650 1166 769 1248 lupino
791 1185 896 1241 more,
919 1164 1003 1230 totis
1024 1164 1132 1246 portis

185 1272 416 1347 erumpentes,
435 1267 519 1331 totis
540 1268 670 1333 viribus
693 1266 817 1330 bellum
835 1264 1048 1348 perquirunt,
1068 1265 1132 1328 ibi-

186 1381 254 1444 que
268 1363 327 1429 diu
343 1374 379 1431 et
393 1367 558 1431 atrociter
576 1388 621 1432 ex
640 1374 787 1448 utraque
808 1376 907 1449 parte
932 1364 1131 1429 dimicatum

185 1469 258 1539 est3
293 1465 354 1529 sod
383 1466 469 1549 prob
501 1467 611 1546 dolor,
639 1465 844 1531 Christianis
868 1466 1006 1530 demum
1034 1472 1133 1546 terga

184 1565 410 1644 vertentibus,
441 1565 577 1648 Pagani
603 1568 782 1632 victoriam
810 1565 1028 1649 accipientes,
1054 1566 1131 1630 loco

184 1661 315 1729 funeris
341 1666 508 1731 dominati
533 1677 632 1748 sunt3
655 1667 770 1750 ibique
798 1665 1018 1731 AEthelwlfus
1041 1684 1130 1748 prae·
1377 1747 1382 1755 Ι

186 1762 279 1830 fatus
301 1784 415 1830 comes
437 1766 528 1831 inter
541 1775 686 1832 caeteros
701 1768 871 1832 occubuit.
918 1765 999 1844 Quo
1013 1765 1132 1830 dolore
1144 1784 1189 1825 nn
1199 1785 1271 1825 nana

184 1871 221 1931 ct
235 1866 442 1931 verecundia
456 1865 645 1932 Christiani
660 1867 832 1945 commoti,
848 1868 971 1931 iterum
987 1871 1068 1948 post
1082 1882 1129 1928 1v.
1144 1836 1271 1927 {bibini

185 1962 258 2029 dies
289 1974 409 2039 contra
440 1967 621 2050 praefatum
657 1968 861 2043 exercitum,
893 1967 929 2029 in
962 1966 1039 2030 loco
1071 1967 1132 2048 qui

184 2063 308 2133 dicitur
323 2066 528 2145 AEeoesdun,
549 2069 640 2149 quod
661 2067 784 2133 Latine
799 2065 905 2132 >Mons
921 2065 1065 2130 Fraxini
1079 2066 1132 2129 in-

182 2169 405 2246 terpretatur,
427 2167 510 2231 totis
533 2168 660 2232 viribus
683 2177 718 2232 et
744 2165 846 2250 plena
872 2165 1067 2241 voluntate,
1086 2165 1131 2228 ad

182 2264 343 2346 proelium
358 2267 549 2349 prodeunt;
574 2268 635 2332 sed
648 2267 783 2350 Pagani
795 2268 832 2331 in
844 2267 932 2330 duas
946 2285 985 2330 se
1000 2273 1131 2329 turmas

182 2363 387 2444 dividentes,
404 2368 530 2449 aeqnaii
545 2368 718 2433 testudine
741 2368 869 2432 bellum
895 2363 1045 2448 parant,¹
1069 2365 1130 2429 ha-

180 2464 309 2529 bebant
325 2467 417 2531 enim
440 2475 521 2532 tunc
547 2469 634 2533 duos
650 2487 750 2550 reges
767 2468 962 2547 multosque
977 2465 1138 2548 comites,
1195 2477 1201 2482 “

181 2565 407 2638 concedentes
436 2568 583 2632 mediam
619 2575 751 2652 partem
789 2568 962 2632 exercitus
997 2566 1132 2630 duobus

180 2664 333 2747 regibus,
367 2674 403 2732 et
436 2667 580 2732 alteram
609 2669 764 2733 omnibus
801 2667 1004 2741 comitibus;
1039 2668 1131 2749 quod

183 2762 371 2830 Christiani
397 2774 587 2846 cernentes,
603 2777 639 2834 et
666 2768 769 2833 etiam
793 2768 859 2850 ipsi
882 2766 1072 2831 exercitum
1096 2768 1131 2831 in

181 2864 269 2937 duas
293 2873 425 2937 turmas
453 2867 658 2944 dividentes,
685 2868 874 2934 testudines
897 2887 967 2932 non
993 2866 1132 2947 segnius

182 2973 398 3037 construunt.
448 2967 516 3033 Sed
532 2968 668 3032 AElfred
683 2968 784 3035 citius
797 2976 832 3034 et
845 2966 1039 3052 promptius
1054 2986 1130 3032 cum

182 3064 256 3137 Suis
282 3066 327 3131 ad
355 3067 469 3133 locum
495 3068 610 3152 proelii
628 3070 745 3135 venit:
768 3069 925 3133 nimirum
948 3068 1133 3133 eratenim

183 3171 268 3238 tunc
299 3186 383 3231 suus
414 3168 521 3234 frater
551 3169 718 3234 AEthered
750 3189 814 3234 rex
845 3171 881 3233 in
917 3169 1063 3234 tentorio
1095 3169 1131 3232 in

183 3267 338 3331 oratione
381 3269 527 3351 positus,
557 3269 699 3334 audiens
737 3271 887 3347 missam,
924 3270 1133 3349 nimiumque

182 3363 356 3433 affirmans
379 3386 417 3433 se
439 3368 519 3432 inde
541 3390 611 3434 non
632 3370 861 3435 discessurum
876 3377 1062 3452 antequam
1075 3387 1132 3432 sa·

181 3465 303 3531 cordos
332 3468 472 3533 missam
502 3469 627 3548 finiret,
656 3479 691 3535 et
717 3471 870 3537 divinum
895 3489 958 3553 pro
981 3457 1131 3533 humano

181 3565 273 3631 nolle
292 3567 448 3632 deserere
462 3570 659 3636 servitium:
687 3571 793 3636 etita
814 3570 913 3650 fecit;
938 3588 1016 3652 quae
1040 3569 1132 3649 regis

183 3663 372 3740 Christiani
387 3667 472 3733 fides
487 3669 632 3735 multum
655 3670 747 3753 apud
772 3670 885 3734 Deum
901 3669 1020 3746 valuit,
1042 3669 1132 3733 sicut

182 3766 297 3848 aptius
319 3767 551 3834 declarabitur
566 3770 602 3835 in
618 3771 850 3853 sequentibus
896 3770 1132 3834 Decreveruut

182 3885 266 3948 ergo
283 3865 480 3946 Christiani,
494 3877 535 3934 ut
552 3870 718 3936 AEthered
741 3891 805 3935 rex
829 3891 907 3935 cum
932 3870 1003 3934 suis
1025 3869 1133 3952 copiis

182 3974 304 4032 contra
329 3967 415 4033 duos
444 3969 607 4052 Paganos
639 3990 738 4052 reges
768 3976 917 4035 sumeret
949 3969 1130 4052 proelium

254 4191 262 4222 ¹
279 4195 380 4258 AEqucli
389 4227 426 4245 ...
435 4196 557 4260 ,pnroot.]
582 4198 683 4259 AEquali
695 4199 766 4247 lance
778 4197 917 4247 testudines
929 4203 1019 4260 parant
1029 4198 1062 4249 A.

954 4298 969 4332 c
988 4289 1003 4334 2
