2940 4860
375 378 566 438 ruouuuru
595 378 876 426 wrconuruusrs
1038 366 1103 429 105

152 533 298 598 fideliter
324 554 361 598 se
385 536 543 600 daturum
562 538 757 620 spopondit,
781 538 872 620 quod
889 538 1012 602 montis
1030 539 1103 602 ala·

154 635 276 698 oritate
310 636 484 717 sapienter
517 637 703 720 adimplere
732 638 873 702 studuit.
932 639 1103 720 Denique,

154 733 297 798 consilio
312 735 477 800 divinitus
499 737 651 813 invento,
668 739 818 800 omnium
835 737 1104 821 uniuscujusque

155 835 235 896 anui
261 854 425 898 censuum
455 855 650 900 successum
673 837 794 901 bifarie
819 838 978 918 primitus
1005 839 1104 900 mini·

155 940 245 996 stros
260 954 341 999 suos
355 935 506 999 dividere
524 934 650 1018 aequali
675 937 775 1000 lance
791 938 982 1019 imperavit.
1035 936 1104 1000 His

155 1033 206 1096 ita
227 1033 358 1111 divisis,
380 1041 512 1116 partem
529 1037 674 1117 primam
700 1036 736 1098 iu
763 1043 832 1099 tres
861 1037 1033 1118 portiones
1051 1056 1104 1100 se-

157 1135 327 1214 questrari
339 1136 514 1217 praecepit,
527 1154 671 1217 quarum
682 1133 840 1217 primam¹
856 1136 926 1198 suis
942 1136 1105 1199 ministris

156 1233 340 1310 nobilibus,
364 1234 476 1316 quiin
500 1234 596 1297 cultu
624 1236 719 1314 regio
745 1234 895 1297 vicissim
916 1253 1105 1297 commora-

157 1333 283 1395 bantur
310 1333 346 1395 in
372 1333 528 1414 pluribus
554 1334 787 1397 ministrantes
812 1333 1021 1410 ministeriis,
1044 1353 1105 1396 an-

157 1431 306 1494 nualiter
320 1430 550 1513 largiebatur:
574 1433 608 1495 in
623 1434 733 1495 tribus
749 1452 896 1514 namque
909 1433 1106 1498 cohortibus

157 1530 293 1611 praesati
313 1532 405 1612 regis
428 1531 597 1596 satellites
620 1532 885 1613 prudentissime
908 1532 1106 1596 divideban-

159 1636 227 1707 tur,
245 1629 332 1694 adeo
355 1637 394 1694 ut
421 1633 531 1713 prima
557 1631 678 1694 cohors
706 1651 774 1695 uno
796 1651 913 1695 mense
935 1631 970 1694 in
993 1629 1106 1694 cultu²

157 1730 253 1809 regio
268 1729 323 1793 die
353 1737 526 1812 noctuque
549 1731 791 1794 administrans
818 1739 1105 1810 commoraretur3

158 1849 342 1912 menseque
357 1829 466 1907 finito,
481 1837 515 1893 et
530 1830 600 1894 alia
614 1830 752 1894 cohorte
768 1830 979 1908 adveniente,
996 1832 1107 1912 prima

159 1928 297 2010 domum
313 1930 456 2007 redibat,
472 1937 507 1993 et
521 1930 567 1993 ibi
588 1929 735 2013 propriis
753 1930 830 2012 quis
845 1930 1107 1993 necessitatibus

158 2029 312 2105 studens,
342 2029 475 2093 duobus
503 2029 780 2093 commorabatur
811 2030 996 2093 mensibus.
1049 2028 1107 2091 Se

160 2129 273 2192 cunda
294 2131 412 2210 itaque
436 2127 571 2205 cohors,
587 2148 702 2192 mense
728 2135 880 2211 peracto,
905 2127 1107 2192 adveniente

158 2229 273 2305 tertia,
299 2228 436 2292 domum
466 2228 610 2305 redibat,
626 2234 664 2291 ut
688 2227 736 2290 ihi
759 2227 893 2292 duobus
917 2247 1106 2291 commora-

158 2334 254 2390 retur
275 2329 470 2403 mensibus;
494 2328 613 2390 sedet
637 2326 708 2406 illa,
732 2327 828 2391 finito
852 2328 953 2391 unius
981 2327 1106 2389 mensis

158 2426 357 2504 ministerio,
382 2434 417 2490 et
434 2428 637 2492 adveniente
653 2426 765 2509 prima
789 2426 941 2504 cohorte,
968 2425 1106 2490 domum

160 2525 304 2603 redibat,
330 2527 453 2589 ibidem
481 2526 616 2590 duobus
642 2533 894 2590 commoratura
921 2527 1106 2589 mensibus.

161 2626 242 2689 Hoc
258 2625 375 2690 ordine
391 2626 482 2690 omni
496 2627 578 2690 vitae
605 2645 676 2688 suae
700 2633 853 2707 ternpore
868 2627 989 2689 talium
1004 2626 1107 2689 vicis-

116 2806 119 2811 ,
156 2725 344 2789 situdinum
370 2726 405 2788 in
426 2725 533 2806 regali
549 2723 666 2788 cultu²
683 2725 861 2788 rotabatur
886 2725 1106 2789 administra-

159 2826 220 2889 tio.
274 2824 465 2889 Secundam
489 2844 570 2891 vero
587 2830 720 2906 partem
748 2826 998 2907 operatoribus,
1021 2843 1109 2906 quos

160 2945 205 2989 ex
230 2923 347 2988 multis
371 2924 532 3005 gentibus
556 2924 718 2989 collectos
732 2924 788 2986 vel
811 2925 914 2989 etiam
930 2943 1108 3005 compara-

161 3033 216 3089 tos
231 3023 476 3107 propemodum
498 3024 762 3087 innumerabiles
786 3023 946 3101 habebat,
962 3025 998 3087 in
1016 3023 1110 3088 omui

161 3132 297 3188 terreno
330 3123 476 3188 aedificio
506 3123 657 3186 edoctos.
718 3122 872 3186 Tertiam
902 3130 1018 3187 autern
1050 3122 1111 3185 ad·

162 3226 258 3288 venis
279 3244 323 3287 ex
345 3223 440 3287 omni
465 3231 568 3305 gente
592 3222 635 3286 ad
662 3242 740 3285 eum
756 3223 984 3299 venientibuS,
1008 3223 1111 3303 longe

162 3343 340 3407 propeque,
351 3324 486 3406 positis,
503 3329 537 3387 et
552 3324 733 3405 pecuniam
747 3323 791 3386 ab
806 3322 866 3385 illo
881 3323 1110 3403 exigentibus,

162 3425 268 3488 etiam
291 3430 326 3486 et
345 3443 413 3487 non
436 3423 668 3505 exigentibus
691 3423 839 3486 mirabili
858 3421 1112 3504 dispensatione

163 3524 317 3587 hilariter
337 3523 568 3606 impendebat.
620 3522 810 3586 Secundam
840 3529 956 3587 autem
978 3527 1112 3603 partem

162 3624 310 3687 omniurn
338 3623 535 3687 divitiarum
564 3642 717 3699 suarum,
743 3643 820 3704 quae
849 3622 1044 3687 annualiter
1066 3620 1110 3684 ad

160 3742 239 3787 eum
268 3743 313 3786 ex
346 3723 437 3787 omni
471 3742 575 3786 censu
608 3723 864 3804 perveniebant,
893 3723 929 3785 in
961 3726 1109 3803 quatuor

161 3842 280 3904 aequas
298 3831 413 3905 partes
431 3823 565 3886 curiose
583 3840 664 3886 suos
688 3823 863 3887 ministros
879 3822 1032 3885 dividere
1047 3821 1111 3883 inr-

163 4149 168 4157 .
198 4072 358 4136 ¹Primam.]
376 4074 435 4123 Suis
454 4073 643 4192 bellatoribus,
690 4104 796 4158 ,curto
809 4106 830 4155 Α

161 4152 222 4195 rtem
235 4144 336 4193 Aaou.
835 4145 841 4158 ⁴
