2940 4860
414 415 605 463 rnonnurn
634 414 917 463 wrcorurnusrs.
1078 401 1142 466 177

191 570 298 634 fluvio
321 577 545 647 transmeato,
563 574 599 636 in
624 573 785 640 cantiam
810 575 899 638 citus
921 574 1076 647 intravit,
1100 593 1141 639 ac

185 668 293 753 juxta
320 669 539 735 Ottasordam
565 693 643 737 cum
671 674 781 738 Danis
811 693 963 756 pugnam
984 672 1080 739 iniit:
1104 684 1140 739 at

188 769 239 833 illi
267 790 335 834 non
362 770 509 836 ferentes
533 773 699 855 impetum
723 774 810 857 ejus,
833 781 933 856 terga
949 780 1140 851 verterunt,

188 876 224 932 et
240 889 318 933 cum
334 871 407 935 suis
420 873 518 955 equis
540 873 576 935 in
600 873 775 955 Sceapege
790 873 977 955 fugerunt;
1001 893 1045 936 ex
1063 875 1139 956 qui-

189 970 253 1032 bus
281 976 396 1035 tamen
421 991 551 1048 omnes,
582 993 670 1055 quos
692 973 979 1056 comprehendere
1012 975 1139 1055 potuit,

189 1069 325 1146 occidit,
340 1077 375 1136 et
398 1072 464 1135 nisi
479 1071 629 1154 perfidus
640 1071 715 1136 'dux
734 1073 880 1138 Edricus
896 1074 1043 1138 Streona
1065 1075 1138 1138 suis

188 1169 320 1233 insidiis
333 1177 369 1234 et
383 1171 506 1235 insiliis
525 1192 604 1235 eum
620 1173 713 1254 apud
730 1172 982 1254 Eugelesford,¹
999 1192 1041 1237 ne
1056 1192 1138 1238 suos

188 1281 451 1353 persequeretur
467 1271 595 1350 hostes,
621 1273 796 1350 retineret,
812 1293 853 1337 eo
875 1274 931 1339 die
956 1274 1060 1356 plena
1074 1293 1137 1354 po-

188 1369 310 1433 tiretur
319 1371 477 1435 victoria.
529 1370 609 1450 Quo
620 1372 657 1435 in
667 1371 975 1437 west-Saxouiam
987 1392 1137 1450 reverso,
1149 1392 1298 1445 canamus

188 1468 347 1534 Canutus
369 1490 452 1536 suas
475 1473 593 1553 copias
618 1472 653 1535 in
676 1472 966 1537 Erret-Saxoniam
988 1472 1137 1556 trajecit,
1148 1454 1236 1534 iiiii&

186 1577 221 1634 et
251 1571 375 1635 iterum
399 1571 575 1654 praedandi
601 1591 709 1637 cauea
732 1572 899 1638 Merciam
932 1573 1077 1655 repetiit,
1101 1580 1137 1636 et

186 1670 306 1754 pejora
338 1672 509 1753 prioribus
539 1673 730 1737 exercitum
762 1673 876 1736 facere
901 1672 1018 1754 Jussit.
1078 1671 1137 1735 Illi

186 1777 302 1834 autem
330 1771 416 1835 satis
442 1771 589 1854 impigre
606 1772 708 1855 jussa
724 1777 909 1854 peragunt,
925 1778 960 1836 et
978 1771 1136 1835 omuibus

185 1870 303 1951 quiin
331 1890 455 1936 manus
479 1882 646 1936 venerant
668 1873 893 1948 obtruncatis,
916 1871 1010 1935 villis
1032 1889 1136 1953 quam

184 1970 341 2052 plurimis
355 1971 516 2047 incensis,
535 1971 629 2059 agris
644 1972 874 2055 depopulatis,
891 1971 1018 2054 praedae
1036 1971 1137 2034 uber·
1220 2045 1224 2049 ‚

185 2077 258 2134 tate
281 2071 395 2149 ditati,
418 2071 463 2134 ad
481 2091 588 2135 naves
612 2072 778 2155 repedant
803 2070 937 2135 festini:
962 2088 1050 2153 quos
1073 2089 1136 2133 rex
1177 2061 1180 2066 ’

184 2169 379 2253 Anglorum
420 2172 646 2236 Eadmundus
690 2171 855 2235 Ferreum
897 2170 1019 2246 Latus,
1057 2188 1135 2232 cum

185 2272 351 2348 exercitu,
369 2291 470 2354 quem
488 2271 531 2335 de
550 2279 625 2336 tota
641 2270 771 2352 Anglia
789 2276 1023 2345 contraxerat,
1044 2269 1136 2332 inse·

184 2378 298 2448 cutus,
307 2372 344 2434 in
357 2379 474 2436 monte
487 2371 547 2453 qui
557 2369 767 2448 Assandun,²
777 2369 812 2433 id
824 2377 890 2448 est,
906 2369 1011 2433 Mons
1022 2366 1132 2447 Asini,
1144 2383 1258 2476 {iffi

184 2472 393 2548 nominatur,
415 2474 580 2536 abeuntes
602 2479 656 2535 est
682 2477 910 2535 consecutus:
933 2469 982 2533 ibi
1009 2467 1134 2533 festine
1261 2462 1267 2474 '

136 2571 144 2585 '
184 2570 376 2653 triplicibus
398 2571 561 2637 subsidiis
577 2572 685 2636 aciem
709 2570 860 2649 instruit,
878 2570 956 2634 dein
977 2567 1133 2651 singulas

183 2679 315 2735 turmas
339 2672 551 2748 circumiens,
575 2679 693 2736 monet
721 2680 825 2754 atque
854 2672 1048 2734 obtestatur
1069 2669 1133 2746 uti,

182 2791 350 2836 memores
380 2773 536 2854 pristinae
560 2772 698 2837 virtutis
730 2779 835 2853 atque
863 2771 1030 2846 victoum,
1057 2788 1133 2834 sese

183 2891 397 2954 regnumque
414 2892 515 2936 suum
533 2892 554 2937 a
569 2872 749 2937 Danorum
764 2871 912 2935 avaritia
928 2868 1131 2961 defendant:

183 2991 261 3035 cum
279 2974 328 3036 eis
345 2979 518 3036 certamen
532 2971 605 3036 fore
620 2990 707 3055 quos
729 2978 833 3035 autea
850 2971 1017 3035 vicerunt.
1071 2968 1132 3031 In·

185 3078 279 3135 terea
308 3072 464 3137 Canutus
490 3072 657 3154 paulatim
684 3072 719 3134 in
746 3090 883 3153 aequum
912 3070 1027 3133 locum
1050 3087 1132 3133 suos

183 3170 322 3235 deducit
336 3192 345 3250 ;
369 3180 406 3236 at
423 3179 555 3248 contra,
570 3191 631 3234 rex
650 3169 872 3234 Eadmundus
896 3169 1016 3245 aciem,
1030 3167 1133 3232 sicuti

182 3271 405 3347 instruxerat,
417 3272 582 3336 velociter
596 3278 724 3348 movet,
734 3277 769 3334 et
782 3276 922 3352 repente
938 3269 1038 3349 signo
1050 3267 1132 3331 dato

184 3371 304 3436 Dauos
328 3372 471 3436 invadit.
523 3371 666 3435 Summa
690 3372 724 3434 vi
753 3371 914 3452 utrinque
938 3368 1131 3442 dimicatur,

182 3491 228 3535 ex
244 3472 296 3535 his
312 3480 347 3536 et
363 3473 432 3536 illis
456 3471 555 3535 multi
571 3471 722 3547 cadunt3
747 3489 866 3534 verum
889 3467 1040 3551 perfidus
1058 3465 1131 3529 dux

182 3571 328 3635 Edricus
343 3572 502 3648 Strenue,
519 3571 639 3635 videns
664 3571 843 3634 Danorum
862 3568 969 3632 aciem
986 3566 1131 3630 inclina·

183 3680 267 3749 tam,
297 3679 332 3736 et
348 3670 496 3752 ¹Auglos
525 3671 711 3735 habituros.
737 3668 930 3745 victoriam,
962 3677 1002 3731 ut
1036 3666 1132 3749 prius

181 3772 320 3837 Canuto
331 3772 547 3854 promiserat,
558 3791 636 3835 eum
649 3766 976 3852 MagesetensibuS,³
988 3775 1023 3831 et
1034 3785 1133 3830 exer-

180 3874 270 3938 citus
286 3880 385 3956 parte
402 3872 457 3936 cui
480 3878 640 3955 praeerat,
657 3871 776 3952 sugam
791 3868 953 3952 capessit,
971 3874 1006 3931 et
1021 3866 1131 3930 domi·

216 4048 223 4079 ¹
241 4049 421 4112 Engelaqford]
440 4048 585 4111 Aylesford.
704 4041 959 4107 ³Mugeseteusibmr]
977 4042 1030 4092 Tbe
1042 4042 1132 4104 Mage·

212 4118 391 4181 'Amadum
427 4120 575 4181 Assingtcn,
603 4132 645 4166 ac·
670 4112 986 4177 saetas‚orpeople0fthe
999 4113 1132 4172 Hwicces,

179 4192 284 4253 cording
294 4194 319 4238 to
330 4190 437 4241 Gibsou.
670 4187 711 4235 the
722 4189 824 4248 present
834 4185 934 4234 diocese
945 4183 975 4232 oi
981 4184 1132 4233 Worcester.

956 4276 978 4322 N
