2940 4860
380 397 449 461 240
683 415 701 424 ··
747 410 957 460 canonican

384 590 440 648 ea,
469 570 711 653 parochiarum
736 569 811 653 jam
853 571 1041 635 divisarum
1071 572 1217 655 primam
1250 591 1334 636 con-

385 673 534 736 stituens
569 672 787 752 Hwicciam;
819 671 862 735 ad
900 690 1004 754 quam
1044 672 1087 736 de
1124 673 1333 737 monasterio

386 771 472 835 Hild
491 772 676 838 abbatissae
692 772 745 837 vir
764 773 1021 837 strenuissimus
1047 791 1088 837 ac
1110 772 1333 838 doctissimus

384 871 581 936 Tatfrithus
609 873 739 958 electus
764 880 818 937 est
845 873 1011 948 antistes;
1040 873 1101 936 sed
1129 874 1332 956 priusquam

385 971 534 1036 ordinari
551 981 681 1056 posset,
696 979 806 1036 morte
821 980 1012 1058 praereptus
1029 980 1082 1037 est
1099 973 1296 1065 immatura.

436 1088 476 1136 11.
499 1072 693 1137 Secundam
719 1079 834 1137 autem
867 1073 975 1149 illam,
1001 1093 1079 1156 quae
1110 1074 1261 1156 pertinet
1285 1073 1332 1138 ad

385 1173 622 1256 episcopatum
651 1172 949 1250 Licetfeldensem,
974 1174 1029 1237 cui
1054 1173 1165 1237 virum
1192 1172 1335 1256 religio-

385 1293 460 1336 sum
477 1293 518 1338 ac
533 1274 725 1339 modestum
743 1256 963 1338 Cuthwinu'm
980 1274 1142 1356 praefecit.

435 1391 488 1438 111.
511 1375 664 1439 Tertiam
680 1393 762 1439 vero
789 1373 1079 1439 Mediterraneum
1101 1374 1278 1456 Angliam,
1295 1376 1332 1439 in

384 1493 454 1557 qua
469 1474 655 1556 praedictus
678 1475 861 1558 episcopus
888 1473 1075 1553 Saxwlfus,
1091 1476 1174 1558 quia
1192 1475 1242 1540 ita
1264 1477 1332 1541 sibi

383 1575 524 1656 placuit,
540 1575 678 1652 resedit,
695 1574 883 1656 pontificali
897 1574 1061 1640 cathedra
1077 1575 1128 1638 illi
1141 1577 1332 1641 constituta

383 1674 576 1740 incivitate
595 1673 774 1757 Leogera.²

435 1792 481 1838 rr.
506 1775 676 1855 Quartam
703 1775 851 1859 denique
880 1775 1067 1841 Lindissim
1090 1775 1332 1861 provinciam,2

383 1875 439 1938 cui
454 1877 644 1959 praeposuit
661 1877 771 1939 virum
789 1884 945 1941 sanctum
969 1876 1228 1954 AEthelwinum,
1251 1899 1331 1960 ger·

383 1985 524 2040 manum
549 1977 662 2041 sancti
679 1975 845 2054 Aldwini,
868 1978 1004 2043 abbatis
1025 1978 1225 2043 monasterii
1240 1979 1331 2061 quod

384 2075 596 2141 Partaneum
610 2084 852 2160 nuncupatum
877 2085 1034 2143 statuens
1050 2079 1081 2142 ei
1099 2079 1330 2161 episcopalem

382 2177 499 2242 sedem
516 2179 721 2255 incivitate,
738 2197 815 2261 quae
832 2179 1022 2243 vocabatur
1036 2177 1221 2262 Syddena.³

433 2296 464 2342 v.
494 2278 660 2358 Quintam
675 2298 757 2344 vero
780 2279 961 2343 constituit
983 2278 1266 2362 Snth-Angliam,
1285 2280 1330 2343 ad

383 2398 487 2461 quam
524 2379 567 2444 de
598 2379 744 2463 praefato
780 2379 989 2444 monasterio
1016 2378 1103 2444 Hild
1129 2380 1330 2458 abbatissae,

382 2479 568 2562 singularis
598 2480 710 2544 meriti
742 2487 776 2544 et
806 2480 1001 2544 sanctitatis
1030 2480 1141 2545 virum
1174 2480 1330 2546 AEtlamt

382 2580 488 2662 elegit
505 2580 708 2655 antistitem,
724 2580 823 2661 eique
840 2580 1048 2663 praesulatus
1068 2581 1184 2645 sedem
1200 2581 1235 2644 in
1251 2581 1329 2646 loco

382 2681 441 2761 qui
459 2686 603 2744 vocatur
629 2678 863 2744 Dorkacestre
888 2681 1079 2746 constituit.
1133 2680 1243 2745 Porro
1266 2701 1329 2763 pro

382 2779 557 2844 Tatfritho
585 2780 787 2844 venerabilis
803 2781 857 2844 vir
880 2781 984 2845 Bosel
1013 2782 1153 2860 electuS,
1180 2783 1225 2846 ab
1252 2781 1329 2864 ipso

382 2879 565 2945 Theodoro
580 2881 670 2946 sicut
687 2889 723 2946 et
738 2882 853 2945 caeteri
868 2882 1048 2946 ordinatus
1063 2892 1116 2947 est
1131 2883 1329 2964 episcopus,

381 2979 511 3045 habens
541 2982 770 3065 episcopalem
797 2982 912 3046 sedem
936 2983 970 3045 in
997 2983 1164 3064 praedicta
1187 2983 1330 3047 civitate

381 3081 562 3164 Wigorna,
577 3102 654 3166 quae
673 3090 756 3147 tunc
780 3082 944 3165 temporis
961 3082 1040 3146 altis
1058 3083 1164 3146 muris
1186 3090 1222 3147 et
1244 3102 1330 3146 moe-

381 3183 482 3246 nibus
497 3184 626 3265 pulcris
643 3183 817 3260 decorata,
835 3181 953 3246 multis
969 3183 1110 3247 urbibus
1124 3170 1250 3248 clarior
1266 3203 1330 3247 ex·

381 3282 452 3347 titit
467 3290 572 3366 atque
590 3283 778 3349 sublimior.

531 3478 683 3529 NOMINA
701 3477 905 3527 PRAESULUM
924 3477 1178 3532 HWICCIORUM.

380 3600 384 3607 ’
468 3620 490 3666 1.
516 3603 632 3669 Bosel.
963 3616 1022 3668 Ἰν.
1045 3604 1239 3669 Wilfridus.

451 3721 490 3768 11.
514 3702 638 3768 Oftfor.
986 3721 1020 3769 ν.
1045 3703 1227 3770 Milredus.

436 3821 490 3870 111.
515 3803 715 3886 Ecgwinus.
973 3822 1021 3870 vr.
1044 3804 1290 3872 Wermundus.

414 4009 577 4057 ¹Leieester.
658 4002 805 4066 ²Lindsey.
866 4009 908 4055 23.
946 4006 996 4054 His
1015 4020 1088 4055 name
1110 4007 1133 4056 is
1156 4007 1210 4056 also
1229 4008 1331 4058 written

415 4079 608 4127 ³Sidnacester.
644 4074 683 4124 Its
698 4076 803 4138 locality
819 4077 841 4124 is
868 4076 1024 4125 Heddaand
1039 4077 1114 4127 Eata.
1150 4076 1332 4127 SeeR.Wen·

380 4150 518 4199 unknown.
866 4147 952 4208 dorer,
968 4159 986 4197 1.
998 4162 1024 4208 p.
1039 4150 1095 4209 172,
1106 4147 1156 4196 and
1171 4147 1202 4197 R.
1216 4147 1332 4213 Higden,

414 4219 423 4248 ⁴
441 4216 556 4279 AEtlum.]
574 4218 607 4266 So
619 4216 700 4280 Beda,
713 4215 749 4266 H.
762 4217 793 4267 E.
807 4228 840 4266 w.
867 4233 893 4278 p.
904 4221 962 4269 241.
