2940 4860
376 400 569 448 nnonnurrr
597 400 876 450 wrconurrrusrs.
1034 385 1099 448 119

203 553 349 636 Eclipsis
364 557 456 621 lunae
471 557 564 623 facta
579 555 656 623 est.¹
710 557 844 640 Magna
869 558 996 640 praedae
1021 576 1099 639 por·-
1132 573 1245 612 uuon-

152 653 243 717 tione
260 658 439 737 promissa,
457 657 539 721 clito
566 658 818 723 AEthelwoldus
843 658 966 723 suadet
988 658 1099 722 Danis
1112 638 1229 729 diuidi

152 753 417 838 East-Angliam
432 757 702 823 inhabitantibus
719 767 758 824 ut
777 779 894 824 secum
908 760 1100 841 praedatum
1112 739 1261 829 dimidi-

150 854 280 920 vadant
302 858 338 920 in
359 858 444 922 fines
471 858 691 923 Merciorum.
744 860 810 925 Cui
837 860 1099 937 consentientes
1113 840 1261 939 diffiid-

150 973 233 1018 mox
244 976 322 1020 cum
337 977 417 1039 rege
433 958 580 1024 thrioo
595 959 696 1024 simul
713 967 748 1024 et
764 959 996 1025 AEthelwoldo
1009 958 1100 1023 Mer·
1113 941 1160 981 ω’
1170 940 1257 980 Μ’·

149 1053 278 1119 ciorum
294 1057 378 1121 fines
394 1059 598 1142 irrumpunt,
613 1060 807 1144 praedaeque
822 1061 1004 1135 instantes,
1018 1079 1102 1124 cun-

150 1161 208 1218 cta
231 1158 369 1222 caedunt
390 1158 491 1235 ferro,
509 1160 647 1224 flamma
664 1168 791 1224 caetera
813 1160 1007 1237 destruunt,
1024 1167 1101 1224 tan-

150 1253 297 1339 demque
329 1257 630 1324 Creccanfordam²
660 1280 770 1343 usque
799 1261 1015 1343 perveniunt,
1042 1261 1101 1325 ubi

152 1355 316 1421 Tamensi
338 1358 445 1424 fluvio
471 1360 629 1438 transito,
655 1367 691 1424 et
714 1361 803 1425 silva
828 1381 906 1443 quae
929 1360 1101 1425 Saxonice

152 1455 310 1523 Bradene
347 1466 492 1523 vocatur
522 1469 721 1543 peragrata,-
743 1461 844 1526 villas
879 1460 1100 1525 circumcirca

151 1558 283 1638 positas
315 1559 496 1635 invadunt,
526 1580 673 1643 quaeque
712 1561 888 1645 reperiunt
923 1561 1099 1642 diripiunt.

152 1657 301 1741 Jamque
324 1660 451 1742 praedae
474 1661 632 1725 ubertate
655 1661 765 1738 ditati,
780 1662 920 1725 domum
935 1660 1100 1726 advolant

150 1756 242 1824 laeti:
266 1760 326 1824 sed
341 1761 488 1840 frustra3
511 1781 659 1843 namque
674 1781 736 1826 rex
751 1760 995 1826 invictissimus
1009 1762 1100 1826 Ead-
1111 1789 1238 1830 minan

152 1859 300 1936 warduS,
324 1868 571 1943 congregatam
586 1881 690 1945 quam
714 1863 815 1926 citius
844 1868 980 1943 poterat
995 1841 1262 1944 expe-tibitibi

152 1956 315 2024 ditionem
341 1968 422 2043 post
451 1981 510 2026 eos
536 1981 688 2040 movenS,
714 1969 823 2026 terras
848 1961 997 2039 illorum,
1020 1942 1172 2044 (11100ΙΙΒῙῙῙΙ

150 2057 239 2123 inter
266 2068 368 2125 terrae
397 2061 541 2126 limitem
570 2063 682 2127 sancti
708 2063 800 2144 regis
831 2060 1041 2125 Eadmundi⁸
1063 2069 1098 2126 et

152 2157 279 2225 flumen
295 2161 404 2226 Usam
426 2163 501 2226 sitae
516 2169 608 2240 sunt,
623 2163 802 2227 devastat:
827 2162 886 2244 qui
902 2181 924 2225 a
938 2162 1098 2226 devasta-

150 2259 242 2324 tione
266 2280 479 2340 reversurus,
495 2271 657 2328 cunctum
674 2263 863 2328 exercitum
881 2263 982 2325 simul
1004 2263 1100 2327 exire

150 2361 312 2427 mandat:
339 2361 438 2447 cujus
460 2364 562 2447 jussa
586 2372 785 2447 spernentes
812 2363 1099 2441 cantuarienses,

149 2461 273 2525 ibidem
283 2470 546 2541 ,remanserunt3
571 2464 614 2528 ad
630 2484 717 2548 quos
733 2484 797 2528 rex
811 2470 943 2546 septem
957 2463 1100 2528 nuncios

149 2560 301 2641 mittens,
319 2571 357 2628 ut
373 2566 507 2629 exirent
521 2566 697 2647 praecepit.
748 2564 879 2629 Verum
902 2563 953 2627 illi
976 2563 1024 2628 nil
1039 2564 1100 2629 bo-

150 2661 304 2728 stilitatis
319 2664 555 2742 formidantes,
570 2666 606 2729 in
621 2686 690 2748 quo
705 2673 883 2748 coeperant
894 2666 1006 2728 securi
1021 2685 1097 2747 per·

149 2772 357 2829 manserunt.
404 2763 483 2842 Quo
497 2767 648 2847 cognito,
664 2764 757 2829 Dani
769 2764 928 2829 festinato
943 2765 978 2828 in
992 2784 1097 2827 unum

149 2863 357 2944 conglobati,
375 2873 515 2946 repente
538 2884 641 2948 snper
658 2885 717 2930 eos
740 2865 924 2941 irruerunt,
939 2865 1098 2928 commis-

149 2981 256 3045 soque
271 2966 370 3047 gravi
386 2966 522 3048 proelio,
534 2966 633 3030 multi
645 2986 689 3029 ex
706 2966 759 3028 his
775 2973 866 3030 etex
880 2964 949 3037 illis
965 2965 1097 3028 cecide-

149 3071 247 3132 runt,
292 3066 382 3130 'Dux
413 3066 568 3148 Sigulsus
591 3086 669 3130 cum
695 3065 846 3130 Sibrihto
873 3064 956 3141 filio,
982 3084 1221 3152 comessamur

150 3163 332 3246 Sigelmu3‚
347 3168 438 3249 regis
459 3166 613 3230 minister
639 3166 861 3243 Eadwoldus,
876 3166 984 3228 abbas
1002 3165 1097 3229 Ken·
1109 3141 1216 3182 ’ΨΜ

150 3266 251 3345 ulfus,
286 3266 576 3349 quampluresque
604 3267 664 3330 alii
692 3287 737 3330 ex
768 3272 867 3347 parte
903 3265 1099 3330 oeciderunt

150 3365 452 3432 Cantwariornm.⁴
501 3367 558 3431 Ex
573 3376 671 3449 parte
686 3374 767 3431 'vero
783 3367 963 3430 Danorum
976 3366 1100 3429 cecidit

150 3465 275 3529 thric
290 3487 352 3530 rex
369 3467 518 3545 illorum,
530 3468 613 3532 clito
629 3460 904 3544 AEtbelwoldus,⁵
917 3485 1019 3548 quem
1033 3466 1099 3529 sibi

184 3702 191 3732 ¹
210 3703 270 3752 Sex.
284 3702 378 3753 Chron.
389 3718 414 3754 o.
425 3707 484 3768 004,
495 3708 567 3755 recte.
633 3704 709 3764 siaiu,
726 3703 769 3752 the
787 3703 921 3753 Chronicle
938 3716 1024 3752 names
1042 3703 1097 3752 also
1144 3756 1146 3758 ,

183 3767 194 3800 ²
212 3774 430 3837 Creccnrrsordum]
448 3774 504 3823 Sar
515 3773 608 3824 Ohron.
635 3773 760 3822 Eodwnld
771 3787 816 3821 son
827 3773 857 3822 of
863 3773 943 3822 Accu.

148 3843 328 3908 Creccagelad,
338 3860 396 3894 now
407 3844 553 3894 Cricklade.
668 3842 678 3872 ⁵
696 3843 889 3906 AEtbelwoldro.]
923 3843 960 3890 To
968 3841 1040 3891 these
1052 3843 1094 3891 the

182 3910 192 3940 ³
211 3915 291 3963 Terrae
301 3949 307 3963 .
317 3950 324 3965 .
334 3951 341 3965 .
351 3950 358 3965 .
370 3915 530 3978 Eudmondi]
547 3915 608 3964 Sux.
634 3913 767 3962 Chronicle
778 3914 842 3962 adds
860 3912 996 3974 Byrhtsigc
1013 3925 1057 3960 son
1069 3913 1098 3960 os

146 3984 240 4032 Chron.
251 3985 370 4034 ‘botwuh
385 3985 489 4047 dicum,'
507 3985 608 4038 between
633 3982 768 4045 Beornoth,
785 3984 872 4044 Ysopa
889 3983 932 4031 the
953 3983 1022 4044 hold,
1044 3984 1094 4031 und

145 4055 185 4104 tire
196 4055 274 4107 dibeo.
296 4056 344 4105 See
355 4056 545 4118 Lappenberg’s
556 4056 607 4104 En·
633 4054 738 4115 Oscytel
755 4054 797 4102 the
808 4053 877 4103 hold.
913 4053 944 4100 In
960 4053 1001 4101 the
1019 4053 1095 4101 Latin

146 4126 232 4189 gland,
245 4140 263 4178 r.
275 4141 300 4188 p.
313 4130 369 4176 242.
632 4126 779 4174 documento
790 4124 860 4173 these
871 4123 945 4171 holds
956 4137 998 4172 are
1010 4123 1093 4172 called

179 4196 416 4259 mantuanum]
455 4197 555 4258 Among
563 4196 605 4245 the
631 4197 710 4246 doceo.
756 4195 833 4244 Their
871 4194 978 4255 wer-gild
1016 4189 1093 4259 (4000
