2940 4860
408 394 600 443 ruonnrtru
624 394 904 444 wruoanmnsrs.
1107 377 1128 440 7

234 549 415 629 Columba,
444 552 624 635 presbyter
652 560 688 616 et
719 552 838 629 abbas,
869 551 912 617 de
936 551 1070 617 Scottia
1093 554 1129 616 in
1159 567 1185 606 Δ.
1194 567 1220 605 1>-
1230 567 1275 605 ωε·

183 651 399 716 Britanniam
435 653 542 730 venit,
572 660 618 730 et,
648 660 815 734 regnante
854 651 963 717 Pictis
998 654 1128 733 aridio,
1141 633 1290 724 affinia

182 771 265 833 rege
280 754 531 835 potentissimo,
545 753 830 836 septentrionales
840 752 958 818 Pictos
967 753 1011 817 ad
1027 754 1128 819 fidem
1141 775 1270 816 convena„

184 850 314 917 Christi
334 855 527 921 convertit:
561 853 654 919 unde
678 854 826 918 insulam
853 853 916 917 Hii
943 855 988 918 ab
1020 855 1069 919 eis
1091 856 1127 919 in
1140 827 1242 969 Ξῖἷὲἓῗεω
1361 834 1368 845 ’

1010 953 1050 1019 t.²
1200 953 1206 970 ⁴

180 954 431 1036 possessionem
445 954 643 1020 monasterii
657 953 877 1019 construendi
892 955 1008 1037 accepi

233 1053 459 1139 AEthelbryht
501 1075 564 1119 rex
612 1054 889 1132 cantuariorum,
933 1054 1014 1118 dum
1055 1057 1128 1138 regi
1158 1077 1272 1118 annea

182 1152 456 1220 Occidentalium
473 1155 652 1220 Saxonum
670 1154 837 1221 Ceaulino
854 1164 889 1220 et
912 1154 1036 1220 Cuthae
1054 1157 1129 1242 ejus
1142 1144 1283 1235 iffissfiffl,
1317 1172 1324 1185 ·

183 1252 274 1319 filio²
303 1256 431 1321 bellum
460 1255 627 1335 intulerit,
658 1258 702 1320 ab
734 1256 784 1321 eis
814 1257 849 1320 in
883 1255 1044 1321 Cantium
1076 1266 1130 1323 est

182 1355 338 1437 fugatus,
344 1356 478 1422 duobus
489 1355 565 1441 ejus
571 1356 727 1436 ducibus,
740 1355 870 1421 Oslavo
880 1363 915 1420 et
929 1355 1129 1435 Cuebbano,

181 1455 217 1520 in
234 1456 477 1522 Wibbandune
494 1455 699 1522 trucidatis.³

234 1557 344 1640 Regis
378 1556 533 1622 Ceaulini
566 1557 673 1622 frater
703 1556 859 1633 cnthuls,
890 1557 926 1621 in
963 1558 1041 1623 loco
1069 1560 1129 1641 qui
1161 1585 1278 1628 anan.

185 1657 311 1722 dicitur
337 1658 572 1735 Bedansorda,
603 1678 681 1724 cum
713 1658 913 1723 Britonibus
939 1659 1129 1738 dimicavit,
1142 1653 1246 1745 {ffigf

184 1766 220 1821 et
238 1759 348 1822 victor
368 1759 532 1836 existenS,
554 1767 705 1841 quatuor
730 1759 842 1840 regias
859 1758 959 1823 villas
984 1760 1033 1823 eis
1053 1761 1130 1824 abs·

185 1857 277 1935 tulit,
300 1859 444 1936 scilicet,
470 1858 683 1941 Liganburh,
707 1858 934 1941 Egelesburh,
959 1860 1129 1942 Bensing-

185 1965 259 2035 tun,
290 1966 326 2024 et
357 1959 555 2041 Egnesham
568 1957 598 2035 ;4
632 1967 668 2025 et
700 1960 819 2025 eodem
851 1979 942 2023 anno
970 1960 1044 2024 vita
1071 1960 1130 2023 de·

186 2056 314 2124 cessit.³

237 2158 318 2225 Rex
343 2158 616 2225 Occidentalium
632 2159 812 2224 Saxonum
828 2157 972 2223 Ceaulin
988 2166 1023 2224 et
1039 2159 1130 2224 filius
1162 2180 1222 2221 un.
1232 2176 1275 2219 sn.

186 2278 270 2323 suus
295 2259 490 2339 cuthwine,
516 2261 552 2324 in
578 2260 655 2325 loco
678 2260 738 2342 qui
762 2266 908 2324 vocatur
929 2246 1247 2340 Deorham‚⁵1¹32{¹,}{3f

186 2378 263 2424 cum
288 2360 489 2427 Britonibus
510 2380 722 2445 pugnavere,
737 2368 772 2425 et
787 2380 905 2425 eorum
927 2368 998 2424 tres
1019 2381 1132 2443 regen,

189 2458 393 2538 Coinmeail,
414 2460 607 2539 Condidan,
626 2469 663 2525 et
687 2461 897 2539 Farinmaeil,
914 2480 993 2525 cum
1015 2461 1134 2526 multis

187 2559 276 2638 aliia,
290 2561 504 2626 trucidavere
517 2581 527 2643 3
545 2561 684 2644 illisque
696 2568 767 2625 tres
779 2562 950 2639 civitates,
963 2561 1135 2640 videlicet,

187 2658 459 2740 Glauwceaster,
478 2662 725 2738 cirenceaster,
742 2661 1027 2741 Bathanceaster,
1055 2664 1135 2727 abs·

187 2760 310 2827 tulere.

239 2860 283 2925 In
304 2861 381 2928 loco
403 2862 464 2945 qui
486 2869 633 2927 vocatur
656 2861 883 2940 Fothanleah,
901 2861 1057 2940 Geaulin,
1073 2882 1136 2926 rex
1166 2888 1279 2929 anau.
1360 2912 1361 2915 η

189 2961 463 3027 Occidentalium
496 2963 686 3040 Saxonum,
715 2970 750 3027 et
782 2963 873 3026 filius
903 2962 979 3047 ejus
1008 2962 1137 3042 Cutha,
1147 2955 1271 3047 lissssffessfi,

189 3081 268 3126 cum
301 3063 503 3127 Britonibus
541 3070 739 3143 certavere;
779 3063 815 3126 in
845 3082 915 3146 quo
952 3064 1138 3128 certamine

188 3162 277 3227 inter
292 3162 562 3228 confertissimos
580 3162 696 3228 Cutha
712 3163 847 3228 fortiter
864 3163 1040 3241 dimicem,
1057 3165 1138 3228 ruit.

191 3262 272 3327 Rex
300 3273 416 3329 tamen
453 3262 598 3328 Ceaulin
636 3263 816 3329 victoriam
851 3263 984 3341 habuit,
1021 3265 1139 3348 eisque

189 3362 299 3427 multa
340 3363 454 3446 spolia
493 3364 658 3441 detraxit,
695 3373 732 3429 et
773 3363 876 3429 villas
918 3364 1138 3447 quamplures

189 3455 385 3528 abstraxit.⁶

189 3685 272 3748 rating
282 3684 326 3734 the
334 3697 460 3745 aecuracy
470 3683 499 3732 oi
507 3681 650 3732 Florence's
677 3681 817 3744 Leightont
841 3679 995 3742 Ayiesbury‚
1015 3676 1141 3740 Bousing-

189 3754 351 3818 chronology.
399 3755 447 3804 See
466 3754 502 3806 H.
523 3755 554 3804 E.
575 3766 605 3803 11.
625 3758 650 3816 ὁ,
677 3757 729 3815 ton,
741 3750 879 3812 Eynaham.

192 3826 243 3873 and
254 3821 413 3875 Stevenson’s
424 3829 491 3875 note.
713 3823 723 3852 ⁵
740 3819 882 3883 Deorum]
900 3817 1014 3868 Derham
1026 3819 1052 3867 in
1061 3818 1142 3869 Glou·

228 3893 374 3962 ¹Aecepit.]
401 3897 438 3946 H.
455 3897 487 3945 E.
503 3908 545 3944 111.
560 3898 586 3956 4,
602 3893 653 3943 and
678 3891 844 3942 centershiret
1083 3937 1085 3941 ,

190 3965 426 4016 Stevenson'anote.
463 3965 631 4016 Sax.0hron.
715 3959 887 4010 ⁰Rextumen
900 3993 989 4009 .....
997 3958 1141 4022 abstraxit]

227 4031 344 4100 wita]
363 4037 396 4086 P.
408 4037 439 4088 t.
451 4037 531 4086 fratri.
590 4058 600 4081 x
680 4032 733 4081 The
753 4032 838 4081 Saxon
858 4028 993 4081 Ghronieie
1013 4031 1063 4080 and
1085 4030 1142 4078 Flo·

226 4097 238 4130 ⁸
253 4106 315 4156 Sax.
327 4106 421 4159 Chron.
681 4116 755 4152 rence
767 4116 810 4150 are
821 4102 850 4150 of
858 4115 947 4150 course
956 4101 982 4150 in
989 4102 1143 4151 accordanee

228 4166 238 4197 ⁴
254 4176 398 4239 Liguaburh
414 4212 421 4227 .
435 4213 441 4228 .
455 4213 462 4227 .
476 4213 482 4227 .
494 4174 655 4239 Egaeoium]
682 4172 824 4236 respecting
833 4171 875 4221 the
881 4171 961 4221 result
968 4172 997 4220 oi
1000 4171 1050 4220 this
1056 4170 1144 4230 battle,
