<?xml version="1.0" encoding="UTF-8"?>
<!DOCTYPE html PUBLIC "-//W3C//DTD XHTML 1.0 Transitional//EN"
    "http://www.w3.org/TR/xhtml1/DTD/xhtml1-transitional.dtd">
<html xmlns="http://www.w3.org/1999/xhtml" xml:lang="en" lang="en">
 <head>
  <title>
</title>
<meta http-equiv="Content-Type" content="text/html;charset=utf-8" />
  <meta name='ocr-system' content='tesseract 3.04.00' />
  <meta name='ocr-capabilities' content='ocr_page ocr_carea ocr_par ocr_line ocrx_word'/>
</head>
<body>
  <div class='ocr_page' id='page_1' title='image "./florentiiwigorn03florgoog_0224.png"; bbox 0 0 2940 4860; ppageno 0'>
   <div class='ocr_carea' id='block_1_1' title="bbox 28 2355 1147 2440">
    <p class='ocr_par' dir='ltr' id='par_1_1' title="bbox 28 2355 1147 2440">
     <span class='ocr_line' id='line_1_1' title="bbox 28 2355 1147 2440; baseline -0.006 -18"><span class='ocrx_word' id='word_1_1' title='bbox 28 2359 30 2362; x_wconf 79' lang='grc'><strong>’</strong></span> <span class='ocrx_word' id='word_1_2' title='bbox 130 2359 244 2440; x_wconf 87' lang='lat' dir='ltr'><strong>potiti,</strong></span> <span class='ocrx_word' id='word_1_3' title='bbox 264 2379 328 2422; x_wconf 84' lang='lat' dir='ltr'><strong>rex</strong></span> <span class='ocrx_word' id='word_1_4' title='bbox 351 2356 516 2423; x_wconf 88' lang='lat' dir='ltr'><strong>Griffinus</strong></span> <span class='ocrx_word' id='word_1_5' title='bbox 542 2364 576 2423; x_wconf 90' lang='lat' dir='ltr'><strong>et</strong></span> <span class='ocrx_word' id='word_1_6' title='bbox 600 2377 715 2422; x_wconf 89' lang='lat' dir='ltr'><strong>comes</strong></span> <span class='ocrx_word' id='word_1_7' title='bbox 739 2355 891 2439; x_wconf 82' lang='lat' dir='ltr'><strong>Algarus</strong></span> <span class='ocrx_word' id='word_1_8' title='bbox 915 2357 1080 2422; x_wconf 84' lang='lat' dir='ltr'><strong>Herefor-</strong></span> <span class='ocrx_word' id='word_1_9' title='bbox 1093 2377 1147 2416; x_wconf 72' lang='lat' dir='ltr'><strong>aa.</strong></span> 
     </span>
    </p>
   </div>
   <div class='ocr_carea' id='block_1_2' title="bbox 357 382 1081 446">
    <p class='ocr_par' dir='ltr' id='par_1_2' title="bbox 357 382 1081 446">
     <span class='ocr_line' id='line_1_2' title="bbox 357 382 1081 446; baseline 0.004 -3"><span class='ocrx_word' id='word_1_10' title='bbox 357 396 548 444; x_wconf 76' lang='lat' dir='ltr'><strong>nnonnnrn</strong></span> <span class='ocrx_word' id='word_1_11' title='bbox 574 396 851 446; x_wconf 80' lang='lat' dir='ltr'><strong>wrconrunnsrs.</strong></span> <span class='ocrx_word' id='word_1_12' title='bbox 1015 382 1081 446; x_wconf 80' lang='lat'><strong>213</strong></span> 
     </span>
    </p>
   </div>
   <div class='ocr_carea' id='block_1_3' title="bbox 127 554 1233 3940">
    <p class='ocr_par' dir='ltr' id='par_1_3' title="bbox 129 554 1198 939">
     <span class='ocr_line' id='line_1_3' title="bbox 131 554 1180 642; baseline 0 -26"><span class='ocrx_word' id='word_1_13' title='bbox 131 575 211 617; x_wconf 94' lang='lat' dir='ltr'><strong>num</strong></span> <span class='ocrx_word' id='word_1_14' title='bbox 235 575 349 642; x_wconf 81' lang='lat' dir='ltr'><strong>regem</strong></span> <span class='ocrx_word' id='word_1_15' title='bbox 367 555 583 620; x_wconf 88' lang='lat' dir='ltr'><strong>Walensium</strong></span> <span class='ocrx_word' id='word_1_16' title='bbox 609 554 705 632; x_wconf 86' lang='lat' dir='ltr'><strong>adiit,</strong></span> <span class='ocrx_word' id='word_1_17' title='bbox 721 574 867 637; x_wconf 89' lang='lat' dir='ltr'><strong>eumque</strong></span> <span class='ocrx_word' id='word_1_18' title='bbox 889 555 1023 637; x_wconf 88' lang='lat' dir='ltr'><strong>petivit,</strong></span> <span class='ocrx_word' id='word_1_19' title='bbox 1041 565 1081 620; x_wconf 91' lang='lat' dir='ltr'><strong>ut</strong></span> <span class='ocrx_word' id='word_1_20' title='bbox 1093 575 1180 616; x_wconf 59' lang='lat' dir='ltr'><strong>nvem</strong></span> 
     </span>
     <span class='ocr_line' id='line_1_4' title="bbox 129 627 1198 737; baseline 0.001 -19"><span class='ocrx_word' id='word_1_21' title='bbox 129 662 251 719; x_wconf 89' lang='lat' dir='ltr'><strong>contra</strong></span> <span class='ocrx_word' id='word_1_22' title='bbox 269 675 384 737; x_wconf 83' lang='lat' dir='ltr'><strong>regem</strong></span> <span class='ocrx_word' id='word_1_23' title='bbox 401 655 629 720; x_wconf 86' lang='lat' dir='ltr'><strong>Eadwardum</strong></span> <span class='ocrx_word' id='word_1_24' title='bbox 649 655 714 719; x_wconf 88' lang='lat' dir='ltr'><strong>sibi</strong></span> <span class='ocrx_word' id='word_1_25' title='bbox 736 664 827 719; x_wconf 89' lang='lat' dir='ltr'><strong>esset</strong></span> <span class='ocrx_word' id='word_1_26' title='bbox 844 657 879 720; x_wconf 91' lang='lat' dir='ltr'><strong>in</strong></span> <span class='ocrx_word' id='word_1_27' title='bbox 901 654 1079 721; x_wconf 86' lang='lat' dir='ltr'><strong>auxilium.</strong></span> <span class='ocrx_word' id='word_1_28' title='bbox 1093 627 1198 677; x_wconf 54' lang='lat' dir='ltr'><strong>mm</strong></span> 
     </span>
     <span class='ocr_line' id='line_1_5' title="bbox 131 755 1082 838; baseline 0.001 -21"><span class='ocrx_word' id='word_1_29' title='bbox 131 755 197 819; x_wconf 89' lang='lat' dir='ltr'><strong>Ille</strong></span> <span class='ocrx_word' id='word_1_30' title='bbox 214 757 333 820; x_wconf 88' lang='lat' dir='ltr'><strong>statim</strong></span> <span class='ocrx_word' id='word_1_31' title='bbox 348 756 390 819; x_wconf 94' lang='lat' dir='ltr'><strong>de</strong></span> <span class='ocrx_word' id='word_1_32' title='bbox 405 763 479 820; x_wconf 91' lang='lat' dir='ltr'><strong>toto</strong></span> <span class='ocrx_word' id='word_1_33' title='bbox 494 775 601 838; x_wconf 79' lang='lat' dir='ltr'><strong>regno</strong></span> <span class='ocrx_word' id='word_1_34' title='bbox 617 774 681 819; x_wconf 93' lang='lat' dir='ltr'><strong>suo</strong></span> <span class='ocrx_word' id='word_1_35' title='bbox 697 757 870 837; x_wconf 89' lang='lat' dir='ltr'><strong>copiosum</strong></span> <span class='ocrx_word' id='word_1_36' title='bbox 892 756 1082 820; x_wconf 87' lang='lat' dir='ltr'><strong>exercitum</strong></span> 
     </span>
     <span class='ocr_line' id='line_1_6' title="bbox 130 854 1081 939; baseline 0.002 -21"><span class='ocrx_word' id='word_1_37' title='bbox 130 875 358 939; x_wconf 84' lang='lat' dir='ltr'><strong>congregans,</strong></span> <span class='ocrx_word' id='word_1_38' title='bbox 377 854 509 937; x_wconf 87' lang='lat' dir='ltr'><strong>Algaro</strong></span> <span class='ocrx_word' id='word_1_39' title='bbox 533 856 710 938; x_wconf 84' lang='lat' dir='ltr'><strong>proecepit,</strong></span> <span class='ocrx_word' id='word_1_40' title='bbox 731 863 771 919; x_wconf 91' lang='lat' dir='ltr'><strong>ut</strong></span> <span class='ocrx_word' id='word_1_41' title='bbox 792 856 867 920; x_wconf 89' lang='lat' dir='ltr'><strong>loco</strong></span> <span class='ocrx_word' id='word_1_42' title='bbox 891 856 1081 920; x_wconf 90' lang='lat' dir='ltr'><strong>constituto</strong></span> 
     </span>
    </p>

    <p class='ocr_par' dir='ltr' id='par_1_4' title="bbox 129 955 1230 1741">
     <span class='ocr_line' id='line_1_7' title="bbox 130 955 1078 1038; baseline 0.001 -19"><span class='ocrx_word' id='word_1_43' title='bbox 130 956 195 1019; x_wconf 89' lang='lat' dir='ltr'><strong>sibi</strong></span> <span class='ocrx_word' id='word_1_44' title='bbox 232 964 267 1020; x_wconf 90' lang='lat' dir='ltr'><strong>et</strong></span> <span class='ocrx_word' id='word_1_45' title='bbox 302 955 468 1021; x_wconf 83' lang='lat' dir='ltr'><strong>exercitui</strong></span> <span class='ocrx_word' id='word_1_46' title='bbox 502 975 579 1019; x_wconf 89' lang='lat' dir='ltr'><strong>cum</strong></span> <span class='ocrx_word' id='word_1_47' title='bbox 614 956 686 1019; x_wconf 90' lang='lat' dir='ltr'><strong>suis</strong></span> <span class='ocrx_word' id='word_1_48' title='bbox 723 956 831 1038; x_wconf 92' lang='lat' dir='ltr'><strong>copiis</strong></span> <span class='ocrx_word' id='word_1_49' title='bbox 864 963 1078 1031; x_wconf 88' lang='lat' dir='ltr'><strong>occurreret;</strong></span> 
     </span>
     <span class='ocr_line' id='line_1_8' title="bbox 130 1053 1082 1138; baseline 0.001 -20"><span class='ocrx_word' id='word_1_50' title='bbox 130 1056 254 1138; x_wconf 88' lang='lat' dir='ltr'><strong>quibus</strong></span> <span class='ocrx_word' id='word_1_51' title='bbox 277 1056 314 1120; x_wconf 92' lang='lat' dir='ltr'><strong>in</strong></span> <span class='ocrx_word' id='word_1_52' title='bbox 340 1076 446 1121; x_wconf 88' lang='lat' dir='ltr'><strong>unum</strong></span> <span class='ocrx_word' id='word_1_53' title='bbox 470 1055 763 1133; x_wconf 88' lang='lat' dir='ltr'><strong>convenientibus,</strong></span> <span class='ocrx_word' id='word_1_54' title='bbox 785 1055 870 1120; x_wconf 88' lang='lat' dir='ltr'><strong>fines</strong></span> <span class='ocrx_word' id='word_1_55' title='bbox 888 1053 1082 1138; x_wconf 81' lang='lat' dir='ltr'><strong>Anglorum</strong></span> 
     </span>
     <span class='ocr_line' id='line_1_9' title="bbox 129 1155 1080 1239; baseline 0.001 -20"><span class='ocrx_word' id='word_1_56' title='bbox 129 1156 384 1238; x_wconf 83' lang='lat' dir='ltr'><strong>depopulaturi,</strong></span> <span class='ocrx_word' id='word_1_57' title='bbox 412 1155 698 1220; x_wconf 89' lang='lat' dir='ltr'><strong>Herefordensem</strong></span> <span class='ocrx_word' id='word_1_58' title='bbox 729 1156 941 1239; x_wconf 86' lang='lat' dir='ltr'><strong>provinciam</strong></span> <span class='ocrx_word' id='word_1_59' title='bbox 972 1156 1080 1220; x_wconf 84' lang='lat' dir='ltr'><strong>intra-</strong></span> 
     </span>
     <span class='ocr_line' id='line_1_10' title="bbox 130 1255 1230 1337; baseline 0.005 -18"><span class='ocrx_word' id='word_1_60' title='bbox 130 1264 262 1320; x_wconf 84' lang='lat' dir='ltr'><strong>verunt.</strong></span> <span class='ocrx_word' id='word_1_61' title='bbox 314 1256 445 1322; x_wconf 84' lang='lat' dir='ltr'><strong>Contra</strong></span> <span class='ocrx_word' id='word_1_62' title='bbox 482 1275 569 1337; x_wconf 92' lang='lat' dir='ltr'><strong>quos</strong></span> <span class='ocrx_word' id='word_1_63' title='bbox 606 1256 744 1319; x_wconf 88' lang='lat' dir='ltr'><strong>timidus</strong></span> <span class='ocrx_word' id='word_1_64' title='bbox 781 1256 854 1320; x_wconf 85' lang='lat' dir='ltr'><strong>dux</strong></span> <span class='ocrx_word' id='word_1_65' title='bbox 894 1255 1080 1334; x_wconf 87' lang='lat' dir='ltr'><strong>Radulfus,</strong></span> <span class='ocrx_word' id='word_1_66' title='bbox 1092 1274 1151 1324; x_wconf 74' lang='lat' dir='ltr'><strong>mer</strong></span> <span class='ocrx_word' id='word_1_67' title='bbox 1160 1276 1230 1316; x_wconf 73' lang='lat' dir='ltr'><strong>defeat</strong></span> 
     </span>
     <span class='ocr_line' id='line_1_11' title="bbox 129 1326 1227 1466; baseline -0.004 -47"><span class='ocrx_word' id='word_1_68' title='bbox 129 1357 221 1439; x_wconf 82' lang='lat' dir='ltr'><strong>regis</strong></span> <span class='ocrx_word' id='word_1_69' title='bbox 244 1355 428 1422; x_wconf 87' lang='lat' dir='ltr'><strong>Eadwardi</strong></span> <span class='ocrx_word' id='word_1_70' title='bbox 451 1357 579 1419; x_wconf 89' lang='lat' dir='ltr'><strong>sororis</strong></span> <span class='ocrx_word' id='word_1_71' title='bbox 600 1355 703 1433; x_wconf 80' lang='lat' dir='ltr'><strong>filius„</strong></span> <span class='ocrx_word' id='word_1_72' title='bbox 726 1357 915 1421; x_wconf 82' lang='lat' dir='ltr'><strong>exercitum</strong></span> <span class='ocrx_word' id='word_1_73' title='bbox 937 1375 1080 1439; x_wconf 83' lang='lat' dir='ltr'><strong>congre·</strong></span> <span class='ocrx_word' id='word_1_74' title='bbox 1093 1326 1227 1466; x_wconf 40' lang='lat' dir='ltr'><strong>{lignidi</strong></span> 
     </span>
     <span class='ocr_line' id='line_1_12' title="bbox 130 1427 1186 1539; baseline 0.001 -19"><span class='ocrx_word' id='word_1_75' title='bbox 130 1475 230 1539; x_wconf 78' lang='lat' dir='ltr'><strong>ganS,</strong></span> <span class='ocrx_word' id='word_1_76' title='bbox 257 1465 293 1521; x_wconf 90' lang='lat' dir='ltr'><strong>et</strong></span> <span class='ocrx_word' id='word_1_77' title='bbox 318 1457 452 1521; x_wconf 91' lang='lat' dir='ltr'><strong>duobus</strong></span> <span class='ocrx_word' id='word_1_78' title='bbox 480 1455 635 1520; x_wconf 90' lang='lat' dir='ltr'><strong>miliariis</strong></span> <span class='ocrx_word' id='word_1_79' title='bbox 661 1475 682 1520; x_wconf 93' lang='lat' dir='ltr'><strong>a</strong></span> <span class='ocrx_word' id='word_1_80' title='bbox 707 1457 847 1522; x_wconf 84' lang='lat' dir='ltr'><strong>civitate</strong></span> <span class='ocrx_word' id='word_1_81' title='bbox 875 1455 1080 1533; x_wconf 87' lang='lat' dir='ltr'><strong>Hereforda‚</strong></span> <span class='ocrx_word' id='word_1_82' title='bbox 1114 1427 1186 1474; x_wconf 58' lang='grc' dir='ltr'><strong>’Μ’</strong></span> 
     </span>
     <span class='ocr_line' id='line_1_13' title="bbox 130 1555 1082 1640; baseline 0.001 -21"><span class='ocrx_word' id='word_1_83' title='bbox 130 1573 185 1620; x_wconf 84' lang='lat' dir='ltr'><strong>lx.</strong></span> <span class='ocrx_word' id='word_1_84' title='bbox 217 1556 287 1623; x_wconf 87' lang='lat' dir='ltr'><strong>kal.</strong></span> <span class='ocrx_word' id='word_1_85' title='bbox 323 1556 530 1622; x_wconf 85' lang='lat' dir='ltr'><strong>Novembris</strong></span> <span class='ocrx_word' id='word_1_86' title='bbox 562 1555 622 1639; x_wconf 77' lang='lat'><strong>[24</strong></span> <span class='ocrx_word' id='word_1_87' title='bbox 653 1556 749 1640; x_wconf 80' lang='lat' dir='ltr'><strong>Oct]</strong></span> <span class='ocrx_word' id='word_1_88' title='bbox 784 1557 854 1621; x_wconf 93' lang='lat' dir='ltr'><strong>illis</strong></span> <span class='ocrx_word' id='word_1_89' title='bbox 886 1576 1082 1634; x_wconf 87' lang='lat' dir='ltr'><strong>occurrens,</strong></span> 
     </span>
     <span class='ocr_line' id='line_1_14' title="bbox 129 1655 1078 1741; baseline 0.001 -21"><span class='ocrx_word' id='word_1_90' title='bbox 129 1655 266 1738; x_wconf 84' lang='lat' dir='ltr'><strong>Anglos</strong></span> <span class='ocrx_word' id='word_1_91' title='bbox 290 1664 412 1722; x_wconf 84' lang='lat' dir='ltr'><strong>contra</strong></span> <span class='ocrx_word' id='word_1_92' title='bbox 436 1676 566 1720; x_wconf 90' lang='lat' dir='ltr'><strong>morem</strong></span> <span class='ocrx_word' id='word_1_93' title='bbox 590 1657 626 1718; x_wconf 93' lang='lat' dir='ltr'><strong>in</strong></span> <span class='ocrx_word' id='word_1_94' title='bbox 653 1659 750 1738; x_wconf 91' lang='lat' dir='ltr'><strong>equis</strong></span> <span class='ocrx_word' id='word_1_95' title='bbox 780 1675 932 1740; x_wconf 87' lang='lat' dir='ltr'><strong>pugnare</strong></span> <span class='ocrx_word' id='word_1_96' title='bbox 953 1657 1078 1741; x_wconf 80' lang='lat' dir='ltr'><strong>jussit:</strong></span> 
     </span>
    </p>

    <p class='ocr_par' dir='ltr' id='par_1_5' title="bbox 129 1756 1080 1841">
     <span class='ocr_line' id='line_1_15' title="bbox 129 1756 1080 1841; baseline 0.001 -22"><span class='ocrx_word' id='word_1_97' title='bbox 129 1756 187 1820; x_wconf 90' lang='lat' dir='ltr'><strong>sed</strong></span> <span class='ocrx_word' id='word_1_98' title='bbox 213 1777 291 1821; x_wconf 94' lang='lat' dir='ltr'><strong>cum</strong></span> <span class='ocrx_word' id='word_1_99' title='bbox 310 1757 473 1841; x_wconf 91' lang='lat' dir='ltr'><strong>proelium</strong></span> <span class='ocrx_word' id='word_1_100' title='bbox 492 1764 607 1821; x_wconf 85' lang='lat' dir='ltr'><strong>essent</strong></span> <span class='ocrx_word' id='word_1_101' title='bbox 628 1757 854 1833; x_wconf 87' lang='lat' dir='ltr'><strong>commissuri,</strong></span> <span class='ocrx_word' id='word_1_102' title='bbox 869 1775 984 1821; x_wconf 90' lang='lat' dir='ltr'><strong>comes</strong></span> <span class='ocrx_word' id='word_1_103' title='bbox 1001 1776 1080 1821; x_wconf 93' lang='lat' dir='ltr'><strong>cum</strong></span> 
     </span>
    </p>

    <p class='ocr_par' dir='ltr' id='par_1_6' title="bbox 129 1856 1233 3145">
     <span class='ocr_line' id='line_1_16' title="bbox 130 1856 1080 1939; baseline 0.001 -20"><span class='ocrx_word' id='word_1_104' title='bbox 130 1857 202 1920; x_wconf 90' lang='lat' dir='ltr'><strong>suis</strong></span> <span class='ocrx_word' id='word_1_105' title='bbox 239 1858 384 1922; x_wconf 84' lang='lat' dir='ltr'><strong>Francis</strong></span> <span class='ocrx_word' id='word_1_106' title='bbox 421 1865 456 1922; x_wconf 91' lang='lat' dir='ltr'><strong>et</strong></span> <span class='ocrx_word' id='word_1_107' title='bbox 495 1856 722 1921; x_wconf 85' lang='lat' dir='ltr'><strong>Nortmannis</strong></span> <span class='ocrx_word' id='word_1_108' title='bbox 762 1856 880 1939; x_wconf 83' lang='lat' dir='ltr'><strong>fugam</strong></span> <span class='ocrx_word' id='word_1_109' title='bbox 921 1857 1080 1939; x_wconf 88' lang='lat' dir='ltr'><strong>primitus</strong></span> 
     </span>
     <span class='ocr_line' id='line_1_17' title="bbox 130 1955 1081 2039; baseline 0.001 -19"><span class='ocrx_word' id='word_1_110' title='bbox 130 1958 291 2039; x_wconf 84' lang='lat' dir='ltr'><strong>capessit.</strong></span> <span class='ocrx_word' id='word_1_111' title='bbox 356 1956 460 2036; x_wconf 83' lang='lat' dir='ltr'><strong>Quod</strong></span> <span class='ocrx_word' id='word_1_112' title='bbox 493 1957 647 2021; x_wconf 89' lang='lat' dir='ltr'><strong>videntes</strong></span> <span class='ocrx_word' id='word_1_113' title='bbox 678 1955 797 2038; x_wconf 80' lang='lat' dir='ltr'><strong>Angli,</strong></span> <span class='ocrx_word' id='word_1_114' title='bbox 828 1958 951 2021; x_wconf 90' lang='lat' dir='ltr'><strong>ducem</strong></span> <span class='ocrx_word' id='word_1_115' title='bbox 980 1961 1081 2021; x_wconf 87' lang='lat' dir='ltr'><strong>suum</strong></span> 
     </span>
     <span class='ocr_line' id='line_1_18' title="bbox 131 2056 1081 2140; baseline 0.003 -21"><span class='ocrx_word' id='word_1_116' title='bbox 131 2056 293 2138; x_wconf 83' lang='lat' dir='ltr'><strong>fugiendo</strong></span> <span class='ocrx_word' id='word_1_117' title='bbox 315 2064 521 2140; x_wconf 87' lang='lat' dir='ltr'><strong>sequuntur,</strong></span> <span class='ocrx_word' id='word_1_118' title='bbox 546 2076 632 2139; x_wconf 92' lang='lat' dir='ltr'><strong>quos</strong></span> <span class='ocrx_word' id='word_1_119' title='bbox 656 2057 845 2121; x_wconf 83' lang='lat' dir='ltr'><strong>adversarii</strong></span> <span class='ocrx_word' id='word_1_120' title='bbox 868 2057 939 2121; x_wconf 87' lang='lat' dir='ltr'><strong>fere</strong></span> <span class='ocrx_word' id='word_1_121' title='bbox 963 2076 1081 2122; x_wconf 91' lang='lat' dir='ltr'><strong>omnes</strong></span> 
     </span>
     <span class='ocr_line' id='line_1_19' title="bbox 132 2157 1081 2241; baseline 0.002 -22"><span class='ocrx_word' id='word_1_122' title='bbox 132 2157 318 2241; x_wconf 89' lang='lat' dir='ltr'><strong>insequuti,</strong></span> <span class='ocrx_word' id='word_1_123' title='bbox 336 2175 435 2224; x_wconf 85' lang='lat' dir='ltr'><strong>cecc.</strong></span> <span class='ocrx_word' id='word_1_124' title='bbox 452 2157 508 2222; x_wconf 80' lang='lat' dir='ltr'><strong>vel</strong></span> <span class='ocrx_word' id='word_1_125' title='bbox 523 2158 730 2240; x_wconf 82' lang='lat' dir='ltr'><strong>quingentos</strong></span> <span class='ocrx_word' id='word_1_126' title='bbox 748 2157 839 2222; x_wconf 89' lang='lat' dir='ltr'><strong>viros</strong></span> <span class='ocrx_word' id='word_1_127' title='bbox 855 2177 897 2221; x_wconf 88' lang='lat' dir='ltr'><strong>ex</strong></span> <span class='ocrx_word' id='word_1_128' title='bbox 915 2157 965 2221; x_wconf 86' lang='lat' dir='ltr'><strong>eis</strong></span> <span class='ocrx_word' id='word_1_129' title='bbox 983 2176 1081 2240; x_wconf 89' lang='lat' dir='ltr'><strong>pere·</strong></span> 
     </span>
     <span class='ocr_line' id='line_1_20' title="bbox 130 2257 1233 2366; baseline 0.003 -46"><span class='ocrx_word' id='word_1_130' title='bbox 130 2267 278 2336; x_wconf 82' lang='lat' dir='ltr'><strong>morunt,</strong></span> <span class='ocrx_word' id='word_1_131' title='bbox 296 2258 491 2340; x_wconf 87' lang='lat' dir='ltr'><strong>multosque</strong></span> <span class='ocrx_word' id='word_1_132' title='bbox 506 2257 785 2323; x_wconf 84' lang='lat' dir='ltr'><strong>vulneraverunt.</strong></span> <span class='ocrx_word' id='word_1_133' title='bbox 831 2257 923 2322; x_wconf 86' lang='lat' dir='ltr'><strong>Dein</strong></span> <span class='ocrx_word' id='word_1_134' title='bbox 938 2258 1083 2323; x_wconf 87' lang='lat' dir='ltr'><strong>victoria</strong></span> <span class='ocrx_word' id='word_1_135' title='bbox 1093 2275 1191 2365; x_wconf 54' lang='lat' dir='ltr'><strong>Effice</strong></span> <span class='ocrx_word' id='word_1_136' title='bbox 1192 2276 1233 2366; x_wconf 57' lang='lat'><strong>3111</strong></span> 
     </span>
     <span class='ocr_line' id='line_1_21' title="bbox 131 2458 1081 2539; baseline 0.001 -18"><span class='ocrx_word' id='word_1_137' title='bbox 131 2458 209 2522; x_wconf 89' lang='lat' dir='ltr'><strong>dam</strong></span> <span class='ocrx_word' id='word_1_138' title='bbox 237 2458 464 2536; x_wconf 87' lang='lat' dir='ltr'><strong>intraverunt,</strong></span> <span class='ocrx_word' id='word_1_139' title='bbox 497 2465 533 2522; x_wconf 89' lang='lat' dir='ltr'><strong>et</strong></span> <span class='ocrx_word' id='word_1_140' title='bbox 563 2474 626 2524; x_wconf 82' lang='lat' dir='ltr'><strong>vn.</strong></span> <span class='ocrx_word' id='word_1_141' title='bbox 657 2458 842 2536; x_wconf 83' lang='lat' dir='ltr'><strong>canonicis,</strong></span> <span class='ocrx_word' id='word_1_142' title='bbox 873 2458 933 2539; x_wconf 89' lang='lat' dir='ltr'><strong>qui</strong></span> <span class='ocrx_word' id='word_1_143' title='bbox 960 2458 1081 2523; x_wconf 85' lang='lat' dir='ltr'><strong>valvas</strong></span> 
     </span>
     <span class='ocr_line' id='line_1_22' title="bbox 129 2557 1078 2642; baseline 0.002 -20"><span class='ocrx_word' id='word_1_144' title='bbox 129 2559 326 2642; x_wconf 85' lang='lat' dir='ltr'><strong>principalis</strong></span> <span class='ocrx_word' id='word_1_145' title='bbox 350 2558 502 2623; x_wconf 78' lang='lat' dir='ltr'><strong>basilicae</strong></span> <span class='ocrx_word' id='word_1_146' title='bbox 527 2558 760 2635; x_wconf 85' lang='lat' dir='ltr'><strong>defenderant,</strong></span> <span class='ocrx_word' id='word_1_147' title='bbox 784 2557 918 2635; x_wconf 91' lang='lat' dir='ltr'><strong>occisis,</strong></span> <span class='ocrx_word' id='word_1_148' title='bbox 942 2577 983 2622; x_wconf 87' lang='lat' dir='ltr'><strong>ac</strong></span> <span class='ocrx_word' id='word_1_149' title='bbox 1009 2578 1078 2624; x_wconf 92' lang='lat' dir='ltr'><strong>mo·</strong></span> 
     </span>
     <span class='ocr_line' id='line_1_23' title="bbox 129 2658 1081 2743; baseline 0.001 -22"><span class='ocrx_word' id='word_1_150' title='bbox 129 2661 281 2724; x_wconf 85' lang='lat' dir='ltr'><strong>nasterio</strong></span> <span class='ocrx_word' id='word_1_151' title='bbox 320 2660 411 2743; x_wconf 93' lang='lat' dir='ltr'><strong>quod</strong></span> <span class='ocrx_word' id='word_1_152' title='bbox 450 2678 550 2723; x_wconf 87' lang='lat' dir='ltr'><strong>verus</strong></span> <span class='ocrx_word' id='word_1_153' title='bbox 588 2659 654 2723; x_wconf 89' lang='lat' dir='ltr'><strong>Dei</strong></span> <span class='ocrx_word' id='word_1_154' title='bbox 693 2658 900 2724; x_wconf 74' lang='lat' dir='ltr'><strong>christicola</strong></span> <span class='ocrx_word' id='word_1_155' title='bbox 935 2658 1081 2723; x_wconf 88' lang='lat' dir='ltr'><strong>antistes</strong></span> 
     </span>
     <span class='ocr_line' id='line_1_24' title="bbox 131 2758 1080 2837; baseline 0 -15"><span class='ocrx_word' id='word_1_156' title='bbox 131 2758 373 2825; x_wconf 88' lang='lat' dir='ltr'><strong>AEthelstanus</strong></span> <span class='ocrx_word' id='word_1_157' title='bbox 401 2766 654 2837; x_wconf 86' lang='lat' dir='ltr'><strong>construxerat,</strong></span> <span class='ocrx_word' id='word_1_158' title='bbox 680 2778 758 2823; x_wconf 92' lang='lat' dir='ltr'><strong>cum</strong></span> <span class='ocrx_word' id='word_1_159' title='bbox 791 2760 948 2823; x_wconf 90' lang='lat' dir='ltr'><strong>omnibus</strong></span> <span class='ocrx_word' id='word_1_160' title='bbox 979 2777 1080 2823; x_wconf 84' lang='lat' dir='ltr'><strong>orna·</strong></span> 
     </span>
     <span class='ocr_line' id='line_1_25' title="bbox 130 2858 1082 2943; baseline 0 -20"><span class='ocrx_word' id='word_1_161' title='bbox 130 2861 266 2937; x_wconf 86' lang='lat' dir='ltr'><strong>mentis,</strong></span> <span class='ocrx_word' id='word_1_162' title='bbox 298 2867 334 2924; x_wconf 93' lang='lat' dir='ltr'><strong>et</strong></span> <span class='ocrx_word' id='word_1_163' title='bbox 364 2858 517 2941; x_wconf 89' lang='lat' dir='ltr'><strong>reliquiis</strong></span> <span class='ocrx_word' id='word_1_164' title='bbox 542 2860 653 2925; x_wconf 88' lang='lat' dir='ltr'><strong>sancti</strong></span> <span class='ocrx_word' id='word_1_165' title='bbox 682 2859 897 2943; x_wconf 83' lang='lat' dir='ltr'><strong>AEgelberhti</strong></span> <span class='ocrx_word' id='word_1_166' title='bbox 928 2859 1020 2940; x_wconf 82' lang='lat' dir='ltr'><strong>regis</strong></span> <span class='ocrx_word' id='word_1_167' title='bbox 1046 2866 1082 2923; x_wconf 87' lang='lat' dir='ltr'><strong>et</strong></span> 
     </span>
     <span class='ocr_line' id='line_1_26' title="bbox 131 2958 1082 3043; baseline -0.001 -20"><span class='ocrx_word' id='word_1_168' title='bbox 131 2958 317 3043; x_wconf 82' lang='lat' dir='ltr'><strong>ma1·tyris,¹</strong></span> <span class='ocrx_word' id='word_1_169' title='bbox 339 2960 554 3041; x_wconf 88' lang='lat' dir='ltr'><strong>aliorumque</strong></span> <span class='ocrx_word' id='word_1_170' title='bbox 582 2967 792 3039; x_wconf 87' lang='lat' dir='ltr'><strong>sanctorum,</strong></span> <span class='ocrx_word' id='word_1_171' title='bbox 821 2960 1017 3034; x_wconf 75' lang='lat' dir='ltr'><strong>combusto,</strong></span> <span class='ocrx_word' id='word_1_172' title='bbox 1047 2966 1082 3023; x_wconf 90' lang='lat' dir='ltr'><strong>et</strong></span> 
     </span>
     <span class='ocr_line' id='line_1_27' title="bbox 133 3059 1081 3145; baseline -0.001 -22"><span class='ocrx_word' id='word_1_173' title='bbox 133 3061 306 3124; x_wconf 90' lang='lat' dir='ltr'><strong>nonnullis</strong></span> <span class='ocrx_word' id='word_1_174' title='bbox 345 3079 364 3124; x_wconf 90' lang='lat' dir='ltr'><strong>e</strong></span> <span class='ocrx_word' id='word_1_175' title='bbox 398 3060 529 3124; x_wconf 89' lang='lat' dir='ltr'><strong>civibus</strong></span> <span class='ocrx_word' id='word_1_176' title='bbox 568 3060 711 3136; x_wconf 86' lang='lat' dir='ltr'><strong>necatis,</strong></span> <span class='ocrx_word' id='word_1_177' title='bbox 747 3060 934 3145; x_wconf 89' lang='lat' dir='ltr'><strong>multisque</strong></span> <span class='ocrx_word' id='word_1_178' title='bbox 971 3059 1081 3140; x_wconf 64' lang='lat' dir='ltr'><strong>capti«</strong></span> 
     </span>
    </p>

    <p class='ocr_par' dir='ltr' id='par_1_7' title="bbox 127 3158 1191 3742">
     <span class='ocr_line' id='line_1_28' title="bbox 135 3158 1081 3242; baseline 0 -20"><span class='ocrx_word' id='word_1_179' title='bbox 135 3160 237 3236; x_wconf 89' lang='lat' dir='ltr'><strong>vatis,</strong></span> <span class='ocrx_word' id='word_1_180' title='bbox 255 3161 395 3224; x_wconf 88' lang='lat' dir='ltr'><strong>civitate</strong></span> <span class='ocrx_word' id='word_1_181' title='bbox 417 3160 521 3224; x_wconf 86' lang='lat' dir='ltr'><strong>etiam</strong></span> <span class='ocrx_word' id='word_1_182' title='bbox 545 3160 693 3242; x_wconf 84' lang='lat' dir='ltr'><strong>spoliata</strong></span> <span class='ocrx_word' id='word_1_183' title='bbox 716 3167 750 3223; x_wconf 89' lang='lat' dir='ltr'><strong>et</strong></span> <span class='ocrx_word' id='word_1_184' title='bbox 773 3167 936 3235; x_wconf 88' lang='lat' dir='ltr'><strong>cremata,</strong></span> <span class='ocrx_word' id='word_1_185' title='bbox 953 3158 1081 3241; x_wconf 84' lang='lat' dir='ltr'><strong>praedae</strong></span> 
     </span>
     <span class='ocr_line' id='line_1_29' title="bbox 133 3258 1176 3340; baseline -0.006 -17"><span class='ocrx_word' id='word_1_186' title='bbox 133 3261 289 3324; x_wconf 86' lang='lat' dir='ltr'><strong>ubertate</strong></span> <span class='ocrx_word' id='word_1_187' title='bbox 315 3260 416 3323; x_wconf 85' lang='lat' dir='ltr'><strong>ditati</strong></span> <span class='ocrx_word' id='word_1_188' title='bbox 441 3259 626 3325; x_wconf 87' lang='lat' dir='ltr'><strong>redierunt.</strong></span> <span class='ocrx_word' id='word_1_189' title='bbox 680 3258 783 3337; x_wconf 87' lang='lat' dir='ltr'><strong>Quod</strong></span> <span class='ocrx_word' id='word_1_190' title='bbox 804 3260 864 3323; x_wconf 92' lang='lat' dir='ltr'><strong>ubi</strong></span> <span class='ocrx_word' id='word_1_191' title='bbox 887 3258 960 3340; x_wconf 85' lang='lat' dir='ltr'><strong>regi</strong></span> <span class='ocrx_word' id='word_1_192' title='bbox 983 3259 1078 3322; x_wconf 90' lang='lat' dir='ltr'><strong>inno·</strong></span> <span class='ocrx_word' id='word_1_193' title='bbox 1094 3277 1176 3318; x_wconf 61' lang='lat' dir='ltr'><strong>aaron</strong></span> 
     </span>
     <span class='ocr_line' id='line_1_30' title="bbox 133 3329 1191 3467; baseline -0.007 -42"><span class='ocrx_word' id='word_1_194' title='bbox 133 3360 211 3438; x_wconf 91' lang='lat' dir='ltr'><strong>tuit,</strong></span> <span class='ocrx_word' id='word_1_195' title='bbox 238 3361 280 3424; x_wconf 90' lang='lat' dir='ltr'><strong>de</strong></span> <span class='ocrx_word' id='word_1_196' title='bbox 305 3367 381 3425; x_wconf 85' lang='lat' dir='ltr'><strong>tota</strong></span> <span class='ocrx_word' id='word_1_197' title='bbox 405 3379 488 3423; x_wconf 87' lang='lat' dir='ltr'><strong>mox</strong></span> <span class='ocrx_word' id='word_1_198' title='bbox 512 3358 641 3441; x_wconf 85' lang='lat' dir='ltr'><strong>Anglia</strong></span> <span class='ocrx_word' id='word_1_199' title='bbox 666 3359 855 3423; x_wconf 88' lang='lat' dir='ltr'><strong>exercitum</strong></span> <span class='ocrx_word' id='word_1_200' title='bbox 878 3358 1082 3440; x_wconf 82' lang='lat' dir='ltr'><strong>congregari</strong></span> <span class='ocrx_word' id='word_1_201' title='bbox 1095 3329 1191 3467; x_wconf 37' lang='lat' dir='ltr'><strong>&amp;llll</strong></span> 
     </span>
     <span class='ocr_line' id='line_1_31' title="bbox 127 3433 1163 3543; baseline -0.003 -20"><span class='ocrx_word' id='word_1_202' title='bbox 127 3458 247 3543; x_wconf 88' lang='lat' dir='ltr'><strong>jussit,</strong></span> <span class='ocrx_word' id='word_1_203' title='bbox 272 3460 328 3523; x_wconf 88' lang='lat' dir='ltr'><strong>cui</strong></span> <span class='ocrx_word' id='word_1_204' title='bbox 355 3459 553 3525; x_wconf 86' lang='lat' dir='ltr'><strong>Glawomae</strong></span> <span class='ocrx_word' id='word_1_205' title='bbox 577 3466 788 3541; x_wconf 81' lang='lat' dir='ltr'><strong>congregato</strong></span> <span class='ocrx_word' id='word_1_206' title='bbox 814 3466 993 3524; x_wconf 87' lang='lat' dir='ltr'><strong>strenuum</strong></span> <span class='ocrx_word' id='word_1_207' title='bbox 1021 3433 1104 3521; x_wconf 77' lang='lat' dir='ltr'><strong>du·t</strong></span> <span class='ocrx_word' id='word_1_208' title='bbox 1121 3439 1163 3473; x_wconf 68' lang='lat'><strong>⁹¹⁰⁴</strong></span> 
     </span>
     <span class='ocr_line' id='line_1_32' title="bbox 131 3558 1082 3642; baseline -0.003 -18"><span class='ocrx_word' id='word_1_209' title='bbox 131 3579 203 3624; x_wconf 86' lang='lat' dir='ltr'><strong>cem</strong></span> <span class='ocrx_word' id='word_1_210' title='bbox 225 3559 418 3624; x_wconf 87' lang='lat' dir='ltr'><strong>Haroldurn</strong></span> <span class='ocrx_word' id='word_1_211' title='bbox 435 3558 598 3642; x_wconf 86' lang='lat' dir='ltr'><strong>praefecit,</strong></span> <span class='ocrx_word' id='word_1_212' title='bbox 616 3559 675 3641; x_wconf 93' lang='lat' dir='ltr'><strong>qui</strong></span> <span class='ocrx_word' id='word_1_213' title='bbox 690 3559 813 3623; x_wconf 84' lang='lat' dir='ltr'><strong>devote</strong></span> <span class='ocrx_word' id='word_1_214' title='bbox 826 3558 935 3642; x_wconf 87' lang='lat' dir='ltr'><strong>jussis</strong></span> <span class='ocrx_word' id='word_1_215' title='bbox 951 3559 1082 3622; x_wconf 86' lang='lat' dir='ltr'><strong>obtem-</strong></span> 
     </span>
     <span class='ocr_line' id='line_1_33' title="bbox 130 3657 1082 3742; baseline -0.003 -19"><span class='ocrx_word' id='word_1_216' title='bbox 130 3679 268 3742; x_wconf 87' lang='lat' dir='ltr'><strong>perans,</strong></span> <span class='ocrx_word' id='word_1_217' title='bbox 286 3657 468 3724; x_wconf 87' lang='lat' dir='ltr'><strong>Griffinum</strong></span> <span class='ocrx_word' id='word_1_218' title='bbox 483 3667 518 3723; x_wconf 93' lang='lat' dir='ltr'><strong>et</strong></span> <span class='ocrx_word' id='word_1_219' title='bbox 536 3658 705 3742; x_wconf 79' lang='lat' dir='ltr'><strong>Algarum</strong></span> <span class='ocrx_word' id='word_1_220' title='bbox 720 3658 866 3741; x_wconf 79' lang='lat' dir='ltr'><strong>impigre</strong></span> <span class='ocrx_word' id='word_1_221' title='bbox 878 3658 1082 3740; x_wconf 87' lang='lat' dir='ltr'><strong>insequitur,</strong></span> 
     </span>
    </p>

    <p class='ocr_par' dir='ltr' id='par_1_8' title="bbox 131 3756 1125 3940">
     <span class='ocr_line' id='line_1_34' title="bbox 131 3756 1125 3842; baseline -0.001 -20"><span class='ocrx_word' id='word_1_222' title='bbox 131 3779 171 3824; x_wconf 88' lang='lat' dir='ltr'><strong>ac</strong></span> <span class='ocrx_word' id='word_1_223' title='bbox 203 3759 288 3823; x_wconf 89' lang='lat' dir='ltr'><strong>fines</strong></span> <span class='ocrx_word' id='word_1_224' title='bbox 321 3759 546 3825; x_wconf 85' lang='lat' dir='ltr'><strong>Walanorum</strong></span> <span class='ocrx_word' id='word_1_225' title='bbox 579 3758 743 3825; x_wconf 88' lang='lat' dir='ltr'><strong>audacter</strong></span> <span class='ocrx_word' id='word_1_226' title='bbox 771 3759 960 3842; x_wconf 84' lang='lat' dir='ltr'><strong>ingressus,</strong></span> <span class='ocrx_word' id='word_1_227' title='bbox 991 3756 1083 3821; x_wconf 87' lang='lat' dir='ltr'><strong>ultra</strong></span> <span class='ocrx_word' id='word_1_228' title='bbox 1124 3794 1125 3798; x_wconf 63' lang='lat'><em>=</em></span> 
     </span>
     <span class='ocr_line' id='line_1_35' title="bbox 131 3857 1081 3940; baseline -0.005 -17"><span class='ocrx_word' id='word_1_229' title='bbox 131 3857 323 3923; x_wconf 70' lang='lat' dir='ltr'><strong>Straddele²</strong></span> <span class='ocrx_word' id='word_1_230' title='bbox 338 3866 601 3924; x_wconf 86' lang='lat' dir='ltr'><strong>castrametatus</strong></span> <span class='ocrx_word' id='word_1_231' title='bbox 617 3866 690 3934; x_wconf 90' lang='lat' dir='ltr'><strong>est;</strong></span> <span class='ocrx_word' id='word_1_232' title='bbox 719 3860 779 3924; x_wconf 91' lang='lat' dir='ltr'><strong>sed</strong></span> <span class='ocrx_word' id='word_1_233' title='bbox 793 3858 855 3935; x_wconf 92' lang='lat' dir='ltr'><strong>illi,</strong></span> <span class='ocrx_word' id='word_1_234' title='bbox 873 3857 955 3940; x_wconf 87' lang='lat' dir='ltr'><strong>quia</strong></span> <span class='ocrx_word' id='word_1_235' title='bbox 972 3857 1081 3921; x_wconf 89' lang='lat' dir='ltr'><strong>virum</strong></span> 
     </span>
    </p>
   </div>
   <div class='ocr_carea' id='block_1_4' title="bbox 131 3958 1082 4040">
    <p class='ocr_par' dir='ltr' id='par_1_9' title="bbox 131 3958 1082 4040">
     <span class='ocr_line' id='line_1_36' title="bbox 131 3958 1082 4040; baseline -0.002 -18"><span class='ocrx_word' id='word_1_236' title='bbox 131 3958 255 4023; x_wconf 88' lang='lat' dir='ltr'><strong>sortem</strong></span> <span class='ocrx_word' id='word_1_237' title='bbox 286 3966 321 4023; x_wconf 92' lang='lat' dir='ltr'><strong>et</strong></span> <span class='ocrx_word' id='word_1_238' title='bbox 352 3959 554 4023; x_wconf 89' lang='lat' dir='ltr'><strong>bellicosum</strong></span> <span class='ocrx_word' id='word_1_239' title='bbox 589 3958 702 4040; x_wconf 88' lang='lat' dir='ltr'><strong>ipsum</strong></span> <span class='ocrx_word' id='word_1_240' title='bbox 732 3960 898 4035; x_wconf 86' lang='lat' dir='ltr'><strong>sciebant,</strong></span> <span class='ocrx_word' id='word_1_241' title='bbox 931 3977 1009 4020; x_wconf 90' lang='lat' dir='ltr'><strong>cum</strong></span> <span class='ocrx_word' id='word_1_242' title='bbox 1042 3977 1082 4020; x_wconf 90' lang='lat' dir='ltr'><strong>eo</strong></span> 
     </span>
    </p>
   </div>
   <div class='ocr_carea' id='block_1_5' title="bbox 128 4107 1082 4237">
    <p class='ocr_par' dir='ltr' id='par_1_10' title="bbox 128 4107 1082 4237">
     <span class='ocr_line' id='line_1_37' title="bbox 166 4107 1082 4178; baseline 0.002 -16"><span class='ocrx_word' id='word_1_243' title='bbox 166 4109 333 4178; x_wconf 64' lang='lat' dir='ltr'><strong>&#39;Martyrisl</strong></span> <span class='ocrx_word' id='word_1_244' title='bbox 372 4113 419 4163; x_wconf 86' lang='lat' dir='ltr'><strong>See</strong></span> <span class='ocrx_word' id='word_1_245' title='bbox 447 4114 495 4162; x_wconf 84' lang='lat' dir='ltr'><strong>sub</strong></span> <span class='ocrx_word' id='word_1_246' title='bbox 528 4126 593 4162; x_wconf 85' lang='lat' dir='ltr'><strong>anno</strong></span> <span class='ocrx_word' id='word_1_247' title='bbox 655 4107 829 4174; x_wconf 78' lang='lat' dir='ltr'><strong>²Straddele.]</strong></span> <span class='ocrx_word' id='word_1_248' title='bbox 853 4111 1000 4160; x_wconf 85' lang='lat' dir='ltr'><strong>Snauduna.</strong></span> <span class='ocrx_word' id='word_1_249' title='bbox 1050 4111 1082 4164; x_wconf 81' lang='lat' dir='ltr'><strong>ll.</strong></span> 
     </span>
     <span class='ocr_line' id='line_1_38' title="bbox 128 4181 765 4237; baseline 0.002 -4"><span class='ocrx_word' id='word_1_250' title='bbox 128 4187 185 4235; x_wconf 76' lang='lat'><strong>79³.</strong></span> <span class='ocrx_word' id='word_1_251' title='bbox 624 4181 765 4237; x_wconf 79' lang='lat' dir='ltr'><strong>Wendooer.</strong></span> 
     </span>
    </p>
   </div>
   <div class='ocr_carea' id='block_1_6' title="bbox 0 0 1481 4860">
    <p class='ocr_par' dir='ltr' id='par_1_11' title="bbox 0 0 1481 4860">
     <span class='ocr_line' id='line_1_39' title="bbox 0 0 1481 4860; baseline 0 0"><span class='ocrx_word' id='word_1_252' title='bbox 0 0 1481 4860; x_wconf 95' lang='lat' dir='ltr'><strong> </strong></span> 
     </span>
    </p>
   </div>
  </div>
 </body>
</html>
