2940 4860
372 396 437 460 184
748 413 956 462 canonicos

373 569 472 634 Junii
502 567 562 654 [28
594 569 712 656 Μαίη,
748 570 834 636 feria
865 571 981 648 tertia,
1017 570 1229 653 defungitur,
1265 571 1330 635 ιώ

212 687 328 727 sumeres
373 688 498 752 corpus
519 670 595 754 ejus
622 671 706 734 Heli
727 670 890 748 defertur,
914 679 950 736 et
968 671 1017 736 ibi
1040 669 1246 754 sepelitur?
1268 671 1330 735 cui

211 738 329 787 ”m
374 770 541 835 successit
560 771 726 834 AEltrieus
749 770 891 835 Puttuc²
913 771 1164 836 Wintoniensis
1189 789 1331 854 praepo·

374 870 471 934 situs.

212 951 353 1059 affl
425 969 648 1034 Eadmundus
661 971 715 1034 vir
728 971 910 1053 religiosus
926 970 1239 1035 Lindisfarnensem
1255 969 1330 1053 epi·

211 1070 336 1160 affim-
374 1076 556 1153 scopatum
569 1071 732 1153 suscepit.

224 1194 253 1234 ι.
260 1195 288 1234 o.
297 1195 353 1235 roa.
427 1169 593 1234 AEltrieus
620 1169 846 1235 Eboraeensis
868 1170 1148 1253 archiepiscopus
1175 1169 1329 1234 Romam

213 1311 273 1351 gb„
274 1271 364 1362 hm
295 1263 472 1345 magist,
487 1277 523 1333 et
537 1288 559 1333 a
574 1268 734 1334 Jobanne
748 1289 841 1354 papa
855 1270 999 1352 pallium
1015 1267 1192 1352 suscepit³
1228 1268 1329 1334 Obiit

213 1361 347 1451 {iffigffl
376 1367 549 1432 Rieardus
572 1369 750 1434 Secundus
765 1370 838 1433 dux
858 1369 1151 1446 Normannorum,
1168 1368 1224 1433 cui
1244 1388 1327 1432 suc-

213 1461 364 1560 ssssqgsosssff·
376 1468 480 1533 cessit
492 1468 664 1533 Rieardus
680 1469 832 1546 Tertius,
848 1470 907 1551 qui
925 1469 1044 1534 eodem
1060 1488 1151 1533 anno
1167 1477 1326 1533 mortuus

376 1575 449 1646 est3
473 1567 529 1630 cui
547 1567 735 1632 Rotbortus
748 1569 855 1633 frater
870 1570 946 1654 ejus
963 1571 1141 1634 successit.

226 1690 356 1732 annon.
427 1665 514 1730 Cum
537 1668 612 1748 rogi
628 1667 820 1748 Anglorum
837 1678 872 1734 et
891 1670 1070 1733 Danorum
1093 1669 1230 1756 canuto
1244 1667 1327 1731 inti·

214 1757 347 1847 ξῧζχξῗξξξ
376 1772 507 1830 matum
522 1765 654 1844 fuisset,
670 1767 762 1882 quod
781 1767 816 1832 N
818 1769 978 1850 orregani
993 1788 1110 1851 regem
1125 1787 1225 1831 suum
1240 1767 1328 1832 Ola-

213 1858 348 1948 fflgli
376 1885 470 1942 vum,
487 1876 628 1950 propter
651 1867 728 1952 ejus
754 1868 1009 1952 simplicitatem
1033 1876 1069 1933 et
1090 1867 1326 1931 mansuetudi-

213 1959 302 2008 Μ·
308 1958 364 1999 ⁰¹⁸¹
358 1985 467 2042 nem,
482 1967 679 2048 aequitatem
702 1975 738 2031 et
759 1967 1032 2050 religiositatem,
1047 1968 1147 2031 nimis
1164 1967 1226 2031 vili
1240 1986 1327 2048 pen-

376 2065 505 2142 derent
520 2066 665 2130 multum
682 2067 758 2130 auri
773 2076 808 2132 ct
822 2068 958 2150 argenti
970 2067 1174 2150 quibusdam
1188 2067 1327 2131 illorum

375 2166 480 2239 misit,
497 2165 614 2229 multis
630 2186 757 2247 rogans
772 2169 1007 2251 petitionibus,
1022 2177 1061 2233 ut
1082 2167 1143 2231 illo
1158 2174 1275 2249 spreto
1290 2175 1328 2232 et

375 2264 524 2348 objecto,
543 2265 751 2330 deditionem
777 2267 827 2331 illi
851 2268 1015 2345 tacerent,
1039 2287 1080 2331 ac
1103 2267 1200 2330 illum
1222 2285 1329 2348 super

375 2383 413 2429 se
428 2384 573 2446 regnare
586 2367 843 2449 permitterent:
861 2369 933 2449 qui,
945 2387 1022 2433 cum
1038 2386 1173 2449 eaquae
1186 2368 1329 2432 miserat

373 2464 544 2530 aviditate
560 2484 688 2547 magna
702 2468 946 2548 suscepissent,
961 2469 992 2531 ei
1005 2466 1199 2531 remandari
1209 2466 1326 2550 jusse-

376 2561 468 2639 runt,
483 2564 527 2627 ad
542 2564 636 2627 illum
654 2567 907 2649 suscipiendum
923 2587 960 2630 se
975 2574 1118 2651 paratos
1132 2567 1205 2630 fore
1219 2585 1328 2648 quan-

376 2662 559 2746 docunque
575 2664 681 2728 vellet
698 2667 824 2729 venire.

227 2791 255 2831 ι.
262 2791 288 2830 ιι.
300 2791 355 2831 rora
428 2761 585 2827 Canutus
600 2784 664 2827 rex
678 2763 869 2847 Anglorum
885 2771 919 2828 ct
936 2764 1161 2830 Danorumn.
1178 2765 1327 2828 navibus

213 2857 334 2948 &W
307 2857 352 2906 ⁹⁰¹⁸
377 2863 513 2942 magnis
536 2861 730 2944 Norregam
758 2864 933 2941 devectus,
960 2864 1109 2930 Olavum
1138 2884 1255 2945 regem
1282 2864 1327 2927 de

214 2986 357 3079 nmmum
376 2960 438 3024 illa
457 2962 603 3044 expulit,
632 2962 765 3045 sibique
791 2983 866 3028 eam
897 2963 1124 3047 subjugavit.³
1177 2958 1326 3054 [Eodem

215 3037 331 3079 mm
331 3049 468 3124 m'tarino
487 3069 589 3126 natus
605 3070 659 3126 est
675 3061 874 3127 Marianus⁴
891 3064 1121 3128 Hibernensis
1138 3064 1327 3148 probabilis

377 3160 531 3239 Scottus,
561 3161 660 3246 eujus
698 3164 814 3228 studio
846 3172 881 3228 et
895 3164 1013 3228 labore
1047 3165 1131 3228 baec
1163 3163 1328 3228 chronica

377 3261 577 3343 praecellens
595 3270 648 3326 est
664 3263 706 3327 de
718 3263 865 3328 diversis
880 3263 977 3328 libris
993 3262 1215 3349 coadunata]

226 3385 287 3425 an.
299 3387 356 3426 ιιιι.
428 3359 586 3426 Canutus
602 3380 666 3426 rex
680 3361 887 3445 Anglorum,
899 3363 1090 3440 Danorum‚
1101 3373 1137 3427 et
1149 3362 1328 3444 Norrega·

213 3451 312 3547 ξζζξξ*
376 3478 497 3523 norum
526 3461 570 3524 ad
603 3462 766 3542 Angliam
793 3463 906 3540 rediit,
932 3470 967 3526 et
996 3470 1076 3546 post
1104 3463 1329 3527 festivitatem

213 3551 348 3652 ffi‘fm,
377 3558 412 3621 S.
433 3559 577 3625 Martini
602 3561 660 3643 [11
679 3561 790 3644 Nou]
808 3562 979 3627 Danicum
1002 3564 1163 3627 comitem
1185 3561 1326 3639 Hacun,

377 3659 436 3740 qui
454 3660 601 3724 nobilem
616 3669 807 3726 matronam
824 3661 1047 3740 Gunnildam,
1062 3663 1190 3726 sororis
1205 3682 1278 3726 suae
1293 3671 1329 3727 et

376 3757 601 3842 Wyrtgeorni
617 3762 707 3842 regis
726 3762 943 3828 Winidornm
960 3764 1078 3840 filiam,
1095 3764 1131 3826 in
1149 3763 1325 3825 matrimo-

377 3860 436 3922 nio
466 3859 598 3935 babuit,
630 3862 730 3941 quasi
759 3861 943 3942 legationis
971 3881 1089 3939 eausa,
1118 3862 1154 3924 in
1185 3861 1326 3925 exilium

411 4040 418 4068 ¹
435 4042 495 4090 Sax.
516 4042 610 4092 Chron.
649 4043 721 4094 Hist.
739 4045 835 4094 Eliens.
898 4040 908 4069 ³
923 4046 984 4094 Sax.
996 4045 1090 4095 Obron.

374 4127 398 4160 c.
409 4123 479 4160 xxix.
896 4107 905 4136 ⁴
922 4115 1073 4177 Marianus]
1100 4116 1168 4166 Add.
1187 4116 1250 4165 from
1269 4117 1326 4165 MS.

408 4177 418 4206 ²
433 4180 549 4242 Patina]
569 4184 599 4230 C.
615 4180 647 4232 Β.
658 4197 763 4246 saprum.
862 4184 927 4233 Cott.
942 4186 1020 4247 Nero,
1031 4185 1095 4235 (bt.
