2940 4860
336 369 401 435 174
700 383 907 431 cunourcou

337 544 470 609 cunctis
491 542 768 619 intercluserunt,
784 559 826 605 ac
850 559 926 604 eam
955 539 1150 622 frequenter
1173 558 1286 622 expu-

336 664 444 727 gnare
455 643 566 708 moliti
581 649 675 719 sunt,
691 641 752 705 sed
767 660 789 704 a
801 640 947 718 civibus,
961 640 1029 704 illis
1040 641 1186 705 viriliter
1199 646 1285 704 resi·

336 745 520 822 stantibus,
540 743 660 827 procul
681 760 704 805 a
722 741 894 806 moenibus
913 740 1136 823 repelluntur.
1189 739 1285 819 Qua·

336 852 489 929 propter,
507 843 683 910 obsidione
703 842 747 905 ad
765 850 901 924 tempus
920 840 1074 918 dimissa,
1090 839 1283 906 exercitus·

337 965 405 1028 que
420 951 518 1028 parte
533 943 578 1009 ad
595 962 703 1008 naves
718 941 960 1007 custodiendas
974 940 1107 1018 relicta,
1115 941 1153 1004 in
1165 940 1285 1006 West·

337 1045 526 1111 Saxoniam
549 1045 709 1108 abierunt
735 1062 892 1126 propere,
918 1049 954 1106 et
980 1042 1053 1124 regi
1078 1041 1284 1106 Eadmundo

339 1146 466 1210 Ferreo
494 1145 624 1221 Lateri,
652 1144 805 1225 spatium
835 1136 1068 1225 congregandi
1093 1142 1285 1206 exercitum

337 1264 406 1310 non
434 1245 578 1324 dedere3
618 1245 742 1327 quibus
773 1250 889 1308 tamen
921 1242 980 1307 ille
1014 1262 1092 1307 cum
1116 1243 1283 1320 exercitu,

337 1364 440 1427 quem
462 1347 498 1410 in
518 1345 656 1410 tantillo
678 1343 794 1426 spatio
820 1349 1059 1425 congregarat,
1083 1343 1151 1407 Dei
1175 1341 1284 1406 fretus

337 1445 480 1521 auxilio,
505 1445 672 1509 audacter
697 1443 733 1506 in
759 1442 970 1507 Dorsetania
1001 1443 1161 1520 occurrit,
1188 1442 1284 1507 etin

336 1544 414 1608 loco
437 1544 497 1627 qui
524 1543 702 1608 Peonnum
727 1549 882 1618 vocatur,
903 1542 1011 1626 juxta
1034 1541 1283 1625 Gillingabam,

337 1645 481 1709 cumeis
500 1662 718 1726 congressum
732 1644 828 1718 vicit,
842 1650 878 1706 et
895 1661 955 1706 eos
976 1643 1013 1707 in
1033 1643 1151 1725 fugam
1167 1643 1282 1708 vertit.
1354 1686 1357 1691 -

338 1744 425 1809 Post
442 1744 528 1821 haec,
543 1744 656 1808 media
678 1749 801 1809 aestate
823 1749 1013 1827 transacta,
1030 1743 1143 1807 denuo
1160 1742 1284 1826 majori

286 1841 294 1855 ”
337 1865 443 1928 quam
465 1846 561 1929 prius
584 1843 739 1908 exercitu
763 1852 985 1926 congregato,
1010 1844 1145 1908 fortiter
1165 1843 1284 1908 condi·

337 1965 419 2028 gere
436 1946 561 2010 statuit
568 1964 648 2009 cum
664 1943 812 2020 Canuto,
827 1944 884 2008 cui
897 1944 1048 2009 occurrit
1060 1944 1095 2007 in
1113 1943 1284 2021 Hwiccia,

336 2045 373 2109 in
394 2046 472 2121 loco
493 2046 553 2127 qui
576 2043 779 2109 Scearstan¹
802 2044 1009 2109 nominatur.
1063 2044 1133 2108 Ubi
1152 2044 1283 2108 exerci-

338 2151 411 2209 tum
427 2165 490 2228 pro
504 2146 582 2209 loco
595 2152 630 2209 et
647 2145 756 2227 copiis
772 2145 922 2227 instruit,
934 2145 1099 2228 optimum
1112 2163 1284 2228 quemque

337 2244 374 2308 in
387 2247 535 2328 primam
552 2245 661 2309 aciem
678 2245 851 2321 subducit,
866 2252 1030 2309 caeterum
1045 2246 1233 2309 exercitum
1248 2245 1283 2308 in

337 2344 500 2409 subsidiis
509 2346 615 2422 locat,
625 2363 904 2428 unumquemque
915 2344 1106 2421 nominans,
1118 2343 1283 2428 appellat,

336 2443 505 2522 hortatur,
524 2454 636 2526 rogat,
651 2453 690 2509 ut
707 2445 922 2509 meminerint
943 2464 981 2509 se
1002 2464 1065 2527 pro
1079 2444 1203 2528 patria,
1218 2465 1282 2528 pro

332 2543 465 2621 liberie,
503 2564 566 2628 pro
609 2544 824 2626 conjugibus,
867 2553 973 2627 atque
1011 2545 1090 2627 suis,
1125 2544 1284 2609 domibus

336 2650 481 2719 certare,
512 2651 547 2707 et
576 2642 715 2724 optimis
741 2644 955 2707 sermonibus
981 2644 1128 2711 militum
1151 2645 1284 2710 animos

337 2742 565 2808 accendebat:
589 2742 712 2806 deinde
734 2743 905 2808 tubicines
922 2764 1056 2822 canere,
1074 2754 1110 2810 ct
1124 2745 1284 2810 cobortes

336 2843 502 2926 paulatim
526 2841 683 2906 incedere
716 2841 828 2925 jubet.
898 2843 996 2909 Idem
1021 2845 1104 2911 facit
1132 2845 1283 2910 hostium

335 2943 521 3006 exercitus.
553 2942 623 3006 Ubi
638 2961 679 3005 co
693 2949 834 3007 ventum
851 2945 972 3009 estubi
985 2946 1029 3009 ab
1044 2945 1112 3010 illis
1123 2946 1284 3029 proelium

336 3043 505 3107 committi
530 3048 661 3125 posset,
692 3044 844 3109 maximo
870 3043 1020 3110 clamore
1045 3066 1124 3110 cum
1148 3045 1284 3112 infestis

335 3141 443 3224 signis
456 3149 661 3224 occurrunt3
678 3144 808 3208 lanceis
817 3151 853 3208 et
867 3144 992 3226 gladiis
1005 3165 1124 3228 pugne
1139 3146 1285 3228 geritur,

369 3389 378 3422 ¹
395 3391 546 3455 decoratae]
559 3392 678 3443 Sherston
689 3394 799 3444 inWilts
822 3408 895 3444 name
913 3395 943 3443 oi
958 3394 1083 3458 Chimney
1099 3397 1175 3459 being
1190 3398 1287 3460 merely

236 3449 241 3512 J
335 3460 392 3533 (the
421 3462 534 3511 Sorstcin
560 3477 597 3524 cr,
619 3464 750 3514 Sorestone
772 3463 802 3514 ol
822 3480 838 3514 a
859 3466 1007 3515 translation
1034 3465 1195 3532 (introduced
1223 3467 1289 3518 aner

335 3528 504 3598 Domeaday),
525 3533 662 3596 according
679 3534 798 3593 tecam·
822 3535 864 3586 the
878 3536 992 3587 Normuu
1006 3533 1146 3600 conquest)
1157 3536 1187 3586 ot
1198 3536 1287 3588 Scear·

283 3642 286 3648 .
336 3606 399 3666 den3
416 3602 462 3651 but
478 3602 528 3649 this
546 3603 569 3650 is
586 3607 630 3651 not
646 3604 688 3651 ‘in
708 3605 797 3654 Hwic·
822 3611 879 3656 stan
900 3622 929 3655 or
952 3607 1085 3657 Sceorstun
1107 3605 1186 3672 (Dea.
1210 3607 1287 3657 Skor-

335 3674 404 3731 ἅμ’
414 3672 550 3733 according
560 3675 585 3720 to
596 3673 689 3734 others,
697 3674 797 3723 uboun-
823 3681 900 3740 steen,
922 3678 981 3726 Ger.
998 3677 1196 3738 Schornstein,a
1211 3677 1287 3726 eleim-

337 3744 647 3810 m-ttonmeparating
662 3743 704 3792 the
721 3758 798 3791 coun-
822 3744 894 3808 sey);
918 3748 969 3795 and
992 3761 1051 3808 may
1077 3747 1201 3809 probably
1220 3747 1286 3798 bere

338 3821 386 3873 ties
396 3813 425 3867 oi
435 3811 543 3873 exford,
556 3812 715 3873 Glouoeuer,
726 3813 799 3861 Wor-
822 3816 897 3864 owed
908 3816 941 3865 its
955 3817 1037 3878 origin
1047 3821 1073 3865 to
1084 3832 1101 3866 a
1111 3817 1196 3867 Saxon
1206 3817 1287 3869 house

339 3890 426 3954 mter,
438 3881 639 3936 end'Warwick.
676 3882 740 3943 May
756 3885 799 3930 not
822 3898 851 3932 or
866 3883 925 3947 hall,
943 3885 1111 3947 conspicuous
1133 3887 1171 3936 for
1191 3887 1286 3952 having

341 3962 459 4020 w
476 3954 509 4004 be
525 3951 569 4002 tbe
588 3955 654 4013 spot,
671 3966 687 3999 a
705 3951 800 4001 hamlet
822 3967 839 4002 a
852 3953 977 4016 chimney,
988 3958 1015 4003 at
1031 3969 1047 4003 a
1065 3957 1125 4005 time
1140 3957 1215 4006 when
1231 3959 1286 4008 that

342 4037 371 4089 b
382 4024 552 4085 oxfofdshire,
569 4023 595 4069 in
611 4021 652 4069 the
668 4022 755 4082 periali
773 4022 802 4070 oi
821 4023 914 4085 luxury
929 4039 984 4072 was
1003 4025 1140 4076 elsewhere
1157 4028 1285 4078 unknown

345 4092 646 4171 mentri-theanen,
672 4106 732 4140 near
755 4091 798 4141 the
822 4108 850 4142 or
860 4094 890 4142 oi
896 4096 957 4155 v‘ery
968 4109 1023 4144 rure
1034 4111 1192 4148 occurrence.

347 4178 409 4245 dp
436 4171 465 4225 of
493 4161 722 4221 Glaucestcrsbire:
755 4161 798 4212 tte
