2940 4860
177 1175 224 1214 'l'he
234 1174 286 1213 Nor·

178 1236 240 1265 mans
249 1236 284 1264 ex·

204 1276 246 1315 lled
256 1276 310 1313 trem

197 1325 281 1376 nglnnrl.

338 381 403 445 210
707 400 915 448 canonicor

341 556 430 619 enim
451 555 576 620 ductus
595 558 811 639 poenitentia,
837 577 879 622 en
903 558 1008 641 quod,
1033 565 1074 622 ut
1097 557 1300 642 praelibavi·

342 675 429 732 mus,
468 656 708 722 consobrinum
742 677 843 721 suum
880 659 996 723 Beorn
1032 659 1221 736 occiderat,
1253 660 1299 725 de

343 755 507 821 Flandria
534 757 635 821 nudis
656 757 802 840 pedibus
829 758 1018 823 Ierusalem
1042 760 1117 844 jam
1143 759 1297 836 adierat,

340 856 489 938 indeque
517 858 666 934 rediens,
699 858 925 923 invalitudine
957 880 1002 923 ex
1028 858 1137 924 nimio·
1162 859 1298 942 frigore

340 963 530 1034 contracta,
544 965 701 1022 mortuus
718 965 773 1022 est
789 959 825 1021 in
844 957 965 1024 Licia.¹
1013 960 1138 1024 Filiam
1152 978 1297 1043 quoque

339 1055 449 1133 ducis,
471 1058 680 1139 Badgitham
702 1058 868 1139 reginam,
888 1060 1039 1141 digniter
1061 1080 1126 1125 rex
1147 1061 1296 1144 recepit,

340 1175 380 1221 ac
413 1158 567 1240 pristinae
599 1158 760 1241 dignitati
796 1160 961 1224 restituit.
1033 1160 1144 1225 Facta
1182 1159 1296 1241 igitur

339 1259 536 1336 concordia,
557 1278 711 1341 paceque
733 1259 881 1337 firmata,
898 1261 992 1324 omni
1011 1260 1141 1344 populo
1158 1267 1294 1325 rectam

338 1356 450 1438 legem
483 1360 726 1442 promiserunt,
757 1366 792 1423 et
819 1379 938 1424 omncs
965 1360 999 1424 N
1001 1368 1202 1425 ortmannns
1230 1363 1296 1444 qui

339 1457 434 1538 leges
449 1459 587 1540 iniquas
600 1458 860 1536 adinvenerant,
871 1467 907 1524 et
917 1459 1046 1545 injusta
1053 1460 1186 1545 judicia
1193 1459 1293 1544 judi·

285 1628 287 1633 ,
340 1567 517 1635 caverant,
535 1559 712 1641 multaque
735 1560 810 1642 regi
831 1560 947 1624 insilia
970 1561 1137 1626 adversus
1152 1559 1294 1643 Anglos

339 1658 517 1736 dederant,
532 1660 793 1740 exlegaveruut.
846 1660 985 1725 Paucos
1002 1669 1129 1740 tamen,
1144 1661 1291 1740 scilicet,

341 1759 550 1825 Rotbertum
566 1760 756 1837 diaconem,
774 1768 809 1824 et
826 1780 990 1842 generum
1009 1761 1086 1846 ejus
1097 1760 1291 1827 Ricardum

340 1861 448 1925 lilium
474 1858 608 1938 Scrob,2
640 1861 833 1925 AElsredum
866 1862 958 1942 regis
988 1867 1184 1939 stratorem,
1215 1861 1292 1929 An·
1327 1866 1333 1877 '

340 1961 477 2039 sridum,
494 1969 724 2044 cognomento
740 1960 935 2039 Ccocestct,
951 1969 988 2025 et
1003 1963 1172 2045 quosdam
1187 1963 1289 2040 elice,

340 2082 427 2143 quos
450 2063 529 2145 plus
557 2061 690 2127 caeteris
714 2081 778 2125 rex
806 2060 987 2139 dilexerat,
1015 2064 1116 2146 eique
1140 2070 1175 2127 et
1194 2066 1290 2129 omui

339 2162 469 2245 populo
502 2162 620 2227 fideles
650 2162 850 2239 extiterant,
882 2163 918 2226 in
948 2160 1080 2246 Anglia
1110 2183 1291 2230 remanere

340 2262 577 2345 permiserunt.
653 2262 763 2327 Porro
817 2261 1009 2328 Rotbertus
1060 2265 1291 2330 Doruberuiae

261 2378 263 2384 “
340 2363 631 2447 archiepiscopus,
659 2371 695 2428 et
722 2362 913 2428 Lundoniae
933 2364 1060 2445 praesul
1078 2363 1290 2444 Willelmus,

174 3284 194 3324 Δ
203 3282 283 3323 violent

174 3334 294 3376 nutricem.

339 2470 374 2527 et
398 2463 464 2526 Ulf
486 2463 772 2528 Lindicolinensis
797 2464 953 2540 antistes,
976 2484 1055 2528 cum
1080 2465 1151 2528 suis
1179 2465 1292 2530 Nort-

339 2563 472 2625 manuis
499 2563 559 2627 vix
587 2562 784 2639 evadentes,
813 2583 908 2628 mare
938 2565 1147 2629 transierunt
1160 2562 1188 2630 :⁸
1225 2567 1289 2631 sed

338 2661 548 2738 Willelmus,
573 2667 715 2744 propter
733 2681 832 2727 suam
853 2665 1053 2742 bonitatem,
1078 2685 1188 2748 parvo
1206 2681 1290 2749 post

338 2770 492 2843 tempore
530 2769 725 2838 revocatus,
761 2762 796 2825 in
827 2782 928 2828 suum
960 2765 1197 2848 episcopatum
1229 2786 1287 2831 re·

338 2862 473 2943 cipitur.
519 2861 697 2925 Osbernus
716 2878 811 2940 vern,
833 2872 1063 2946 cognomento
1085 2866 1287 2948 Pentecost,

337 2968 372 3026 et
398 2961 512 3025 socius
541 2960 618 3044 ejus
645 2961 754 3043 Hugo
782 2982 847 3028 sua
873 2965 1095 3032 reddiderunt
1118 2967 1286 3049 castella3

336 3068 372 3125 et
386 3060 521 3124 comitis
543 3060 692 3126 Leosrici
713 3063 854 3129 licentia
876 3085 1059 3147 persuum
1082 3067 1287 3133 comitatum

336 3160 503 3225 Scottiam
519 3162 699 3241 adeuntes,
716 3183 737 3228 a
755 3184 837 3247 rege
855 3165 1053 3232 Scottorum
1073 3167 1287 3234 Macbeotha

335 3262 488 3342 suscepti
502 3270 592 3328 sunt.
646 3263 777 3328 Eodem
794 3284 898 3344 anno,
913 3267 949 3330 in
965 3274 1067 3332 nocte
1082 3267 1288 3335 festivitatis

334 3361 445 3425 sancti
461 3360 606 3426 Thomas
625 3361 788 3446 Apostoli
806 3366 864 3446 [21
882 3367 998 3447 Dec.],
1008 3375 1128 3432 tantus
1142 3376 1286 3451 tamque

369 3512 489 3576 ¹Licio.]
522 3514 669 3578 According
696 3521 723 3567 to
750 3519 793 3567 the
818 3521 846 3568 in
860 3521 1020 3583 capite,asa
1039 3526 1110 3583 great
1125 3520 1286 3585 landholder‚

332 3585 477 3646 chronicle,
487 3584 594 3647 Swegen
610 3585 671 3636 died
687 3593 714 3636 at
728 3589 794 3638 Con-
819 3591 845 3639 in
861 3606 894 3640 no
911 3592 963 3640 less
979 3591 1040 3639 thau
1058 3592 1099 3640 six
1115 3593 1241 3651 enunties,
1256 3599 1285 3643 at

332 3655 484 3716 stantinople
495 3670 528 3704 on
543 3655 583 3704 his
590 3658 699 3719 journey
710 3659 793 3710 home.
818 3661 862 3710 the
872 3663 932 3711 time
943 3662 972 3711 oi
985 3662 1027 3710 the
1045 3662 1152 3724 Survey,
1163 3663 1214 3711 aud
1228 3664 1285 3714 also

332 3726 476 3788 According
498 3730 524 3774 to
550 3726 736 3791 Malmesbury,
761 3729 793 3778 he
819 3745 848 3780 as
864 3746 896 3780 an
912 3732 993 3782 under
1008 3737 1102 3781 tenant.
1150 3731 1202 3782 His
1217 3733 1289 3785 chief

333 3814 387 3853 vrrs
398 3797 464 3849 slain
474 3797 509 3858 by
519 3796 562 3844 the
573 3797 706 3846 Saracena.
819 3806 874 3850 seat
894 3817 950 3851 was
972 3808 999 3852 at
1016 3797 1132 3852 Ricard's
1150 3801 1237 3853 Onstle
1256 3805 1284 3854 in

369 3868 379 3900 ¹
394 3867 491 3930 Samia]
518 3866 584 3916 Both
608 3867 659 3917 this
681 3868 792 3917 Richard
819 3871 1023 3935 Herelordshire,
1033 3887 1062 3922 so
1073 3873 1157 3922 called
1167 3873 1232 3923 stom
1242 3874 1284 3926 lris

332 3944 367 3996 nl.
384 3939 471 3998 Scrob,
493 3938 543 3986 and
565 3937 605 3985 his
627 3951 672 3986 sou
693 3937 792 3987 Osbern
818 3941 900 3991 father
922 3943 964 3991 the
985 3943 1085 3992 builder
1107 3944 1135 3993 of
1157 3945 1186 3996 it.
1234 3945 1283 3995 See

331 4030 375 4068 m
395 4009 536 4063 mentioned
556 4008 582 4056 in
597 4005 745 4069 Domesday
764 4024 793 4058 as
820 4011 894 4074 Ellis,
917 4013 1014 4063 Introd.
1037 4017 1064 4063 to
1086 4014 1281 4078 Domesday,1⁴

332 4086 436 4150 holding
456 4081 530 4133 lande
551 4079 580 4128 T.
604 4079 636 4127 R.
655 4078 686 4127 Ε.
708 4077 793 4144 (Tem
818 4097 863 4143 pp.
885 4086 943 4144 loo,
960 4087 1017 4145 485,
1040 4084 1090 4133 and
1109 4098 1139 4135 11.
1161 4100 1206 4148 pp.
1227 4090 1283 4149 lus,

333 4174 392 4227 pm
415 4154 491 4220 Regis
514 4145 656 4211 Edwardi).
693 4149 793 4199 Osbern
818 4156 877 4202 2⁰6.

333 4244 441 4297 wrm
456 4226 510 4278 also
527 4236 617 4282 irmung
634 4219 676 4268 the
693 4224 792 4269 tenants
854 4221 942 4272 'Sam
954 4224 1049 4274 Chron.
