<?xml version="1.0" encoding="UTF-8"?>
<!DOCTYPE html PUBLIC "-//W3C//DTD XHTML 1.0 Transitional//EN"
    "http://www.w3.org/TR/xhtml1/DTD/xhtml1-transitional.dtd">
<html xmlns="http://www.w3.org/1999/xhtml" xml:lang="en" lang="en">
 <head>
  <title>
</title>
<meta http-equiv="Content-Type" content="text/html;charset=utf-8" />
  <meta name='ocr-system' content='tesseract 3.04.00' />
  <meta name='ocr-capabilities' content='ocr_page ocr_carea ocr_par ocr_line ocrx_word'/>
</head>
<body>
  <div class='ocr_page' id='page_1' title='image "./florentiiwigorn03florgoog_0117.png"; bbox 0 0 2940 4860; ppageno 0'>
   <div class='ocr_carea' id='block_1_1' title="bbox 379 375 959 440">
    <p class='ocr_par' dir='ltr' id='par_1_1' title="bbox 379 375 959 440">
     <span class='ocr_line' id='line_1_1' title="bbox 379 375 959 440; baseline -0.007 0"><span class='ocrx_word' id='word_1_1' title='bbox 379 375 444 440; x_wconf 87' lang='lat'>106</span> <span class='ocrx_word' id='word_1_2' title='bbox 749 389 959 437; x_wconf 79' lang='lat' dir='ltr'>onnonroon</span> 
     </span>
    </p>
   </div>
   <div class='ocr_carea' id='block_1_2' title="bbox 216 544 1332 4014">
    <p class='ocr_par' dir='ltr' id='par_1_2' title="bbox 216 544 1332 4014">
     <span class='ocr_line' id='line_1_2' title="bbox 379 544 1328 632; baseline -0.007 -18"><span class='ocrx_word' id='word_1_3' title='bbox 379 549 525 632; x_wconf 80' lang='lat' dir='ltr'>paravit,</span> <span class='ocrx_word' id='word_1_4' title='bbox 542 569 584 612; x_wconf 88' lang='lat' dir='ltr'>ea</span> <span class='ocrx_word' id='word_1_5' title='bbox 601 548 808 624; x_wconf 89' lang='lat' dir='ltr'>conditione,</span> <span class='ocrx_word' id='word_1_6' title='bbox 824 555 864 611; x_wconf 90' lang='lat' dir='ltr'>ut</span> <span class='ocrx_word' id='word_1_7' title='bbox 878 546 989 629; x_wconf 91' lang='lat' dir='ltr'>prima</span> <span class='ocrx_word' id='word_1_8' title='bbox 1013 565 1095 628; x_wconf 89' lang='lat' dir='ltr'>pars</span> <span class='ocrx_word' id='word_1_9' title='bbox 1121 544 1328 627; x_wconf 89' lang='lat' dir='ltr'>pauperibus</span> 
     </span>
     <span class='ocr_line' id='line_1_3' title="bbox 380 645 1329 733; baseline -0.005 -21"><span class='ocrx_word' id='word_1_10' title='bbox 380 650 650 733; x_wconf 89' lang='lat' dir='ltr'>uniuscujusque</span> <span class='ocrx_word' id='word_1_11' title='bbox 673 649 784 730; x_wconf 85' lang='lat' dir='ltr'>gentis</span> <span class='ocrx_word' id='word_1_12' title='bbox 813 647 872 729; x_wconf 91' lang='lat' dir='ltr'>qui</span> <span class='ocrx_word' id='word_1_13' title='bbox 897 646 941 709; x_wconf 90' lang='lat' dir='ltr'>ad</span> <span class='ocrx_word' id='word_1_14' title='bbox 965 666 1043 709; x_wconf 91' lang='lat' dir='ltr'>eum</span> <span class='ocrx_word' id='word_1_15' title='bbox 1060 645 1244 710; x_wconf 90' lang='lat' dir='ltr'>veniebant</span> <span class='ocrx_word' id='word_1_16' title='bbox 1259 645 1329 707; x_wconf 84' lang='lat' dir='ltr'>dis·</span> 
     </span>
     <span class='ocr_line' id='line_1_4' title="bbox 381 745 1328 828; baseline -0.006 -15"><span class='ocrx_word' id='word_1_17' title='bbox 381 750 571 813; x_wconf 86' lang='lat' dir='ltr'>cretissime</span> <span class='ocrx_word' id='word_1_18' title='bbox 597 755 819 828; x_wconf 80' lang='lat' dir='ltr'>erogaretur3</span> <span class='ocrx_word' id='word_1_19' title='bbox 845 747 1028 810; x_wconf 91' lang='lat' dir='ltr'>secundam</span> <span class='ocrx_word' id='word_1_20' title='bbox 1044 745 1186 808; x_wconf 81' lang='lat' dir='ltr'>&#39;duobus</span> <span class='ocrx_word' id='word_1_21' title='bbox 1210 763 1328 807; x_wconf 87' lang='lat' dir='ltr'>mona·</span> 
     </span>
     <span class='ocr_line' id='line_1_5' title="bbox 380 843 1329 940; baseline -0.006 -28"><span class='ocrx_word' id='word_1_22' title='bbox 380 850 494 912; x_wconf 88' lang='lat' dir='ltr'>steriis</span> <span class='ocrx_word' id='word_1_23' title='bbox 509 868 587 930; x_wconf 87' lang='lat' dir='ltr'>qnae</span> <span class='ocrx_word' id='word_1_24' title='bbox 611 848 684 931; x_wconf 89' lang='lat' dir='ltr'>ipse</span> <span class='ocrx_word' id='word_1_25' title='bbox 706 847 779 909; x_wconf 89' lang='lat' dir='ltr'>fieri</span> <span class='ocrx_word' id='word_1_26' title='bbox 793 846 1035 940; x_wconf 86' lang='lat' dir='ltr'>imperaverat,</span> <span class='ocrx_word' id='word_1_27' title='bbox 1057 852 1092 909; x_wconf 91' lang='lat' dir='ltr'>et</span> <span class='ocrx_word' id='word_1_28' title='bbox 1114 846 1151 908; x_wconf 93' lang='lat' dir='ltr'>in</span> <span class='ocrx_word' id='word_1_29' title='bbox 1174 843 1228 907; x_wconf 84' lang='lat' dir='ltr'>his</span> <span class='ocrx_word' id='word_1_30' title='bbox 1253 844 1329 907; x_wconf 87' lang='lat' dir='ltr'>Deo</span> 
     </span>
     <span class='ocr_line' id='line_1_6' title="bbox 380 943 1329 1028; baseline -0.005 -17"><span class='ocrx_word' id='word_1_31' title='bbox 380 948 631 1027; x_wconf 81' lang='lat' dir='ltr'>servientibus3</span> <span class='ocrx_word' id='word_1_32' title='bbox 672 946 809 1011; x_wconf 81' lang='lat' dir='ltr'><strong>tertiam</strong></span> <span class='ocrx_word' id='word_1_33' title='bbox 840 946 968 1009; x_wconf 85' lang='lat' dir='ltr'>scholae</span> <span class='ocrx_word' id='word_1_34' title='bbox 998 965 1101 1028; x_wconf 90' lang='lat' dir='ltr'>quam</span> <span class='ocrx_word' id='word_1_35' title='bbox 1136 963 1180 1007; x_wconf 86' lang='lat' dir='ltr'>ex</span> <span class='ocrx_word' id='word_1_36' title='bbox 1212 943 1329 1006; x_wconf 92' lang='lat' dir='ltr'>multis</span> 
     </span>
     <span class='ocr_line' id='line_1_7' title="bbox 381 1042 1329 1128; baseline -0.007 -16"><span class='ocrx_word' id='word_1_37' title='bbox 381 1049 494 1128; x_wconf 82' lang='lat' dir='ltr'>gentis</span> <span class='ocrx_word' id='word_1_38' title='bbox 520 1066 593 1111; x_wconf 85' lang='lat' dir='ltr'>suae</span> <span class='ocrx_word' id='word_1_39' title='bbox 616 1046 787 1111; x_wconf 89' lang='lat' dir='ltr'>nobilibus</span> <span class='ocrx_word' id='word_1_40' title='bbox 805 1051 840 1109; x_wconf 86' lang='lat' dir='ltr'>et</span> <span class='ocrx_word' id='word_1_41' title='bbox 855 1046 958 1109; x_wconf 87' lang='lat' dir='ltr'>etiarn</span> <span class='ocrx_word' id='word_1_42' title='bbox 984 1045 1098 1127; x_wconf 87' lang='lat' dir='ltr'>pueris</span> <span class='ocrx_word' id='word_1_43' title='bbox 1122 1042 1329 1124; x_wconf 81' lang='lat' dir='ltr'>ignobilibus</span> 
     </span>
     <span class='ocr_line' id='line_1_8' title="bbox 380 1142 1330 1226; baseline -0.006 -16"><span class='ocrx_word' id='word_1_44' title='bbox 380 1147 628 1211; x_wconf 90' lang='lat' dir='ltr'>studiosissime</span> <span class='ocrx_word' id='word_1_45' title='bbox 665 1151 914 1226; x_wconf 80' lang='lat' dir='ltr'>congregarat3</span> <span class='ocrx_word' id='word_1_46' title='bbox 941 1151 1099 1226; x_wconf 85' lang='lat' dir='ltr'>quartam</span> <span class='ocrx_word' id='word_1_47' title='bbox 1123 1142 1330 1206; x_wconf 88' lang='lat' dir='ltr'>circumfini-</span> 
     </span>
     <span class='ocr_line' id='line_1_9' title="bbox 380 1242 1330 1319; baseline -0.005 -9"><span class='ocrx_word' id='word_1_48' title='bbox 380 1247 474 1310; x_wconf 87' lang='lat' dir='ltr'>timis</span> <span class='ocrx_word' id='word_1_49' title='bbox 489 1247 525 1308; x_wconf 91' lang='lat' dir='ltr'>in</span> <span class='ocrx_word' id='word_1_50' title='bbox 540 1246 632 1309; x_wconf 92' lang='lat' dir='ltr'>omni</span> <span class='ocrx_word' id='word_1_51' title='bbox 654 1245 808 1309; x_wconf 83' lang='lat' dir='ltr'>Saxonia</span> <span class='ocrx_word' id='word_1_52' title='bbox 831 1251 867 1307; x_wconf 90' lang='lat' dir='ltr'>et</span> <span class='ocrx_word' id='word_1_53' title='bbox 893 1243 1026 1308; x_wconf 80' lang='lat' dir='ltr'>Marcia</span> <span class='ocrx_word' id='word_1_54' title='bbox 1043 1242 1272 1319; x_wconf 88' lang='lat' dir='ltr'>monasteriis,</span> <span class='ocrx_word' id='word_1_55' title='bbox 1294 1248 1330 1306; x_wconf 89' lang='lat' dir='ltr'>et</span> 
     </span>
     <span class='ocr_line' id='line_1_10' title="bbox 380 1342 1329 1426; baseline -0.004 -18"><span class='ocrx_word' id='word_1_56' title='bbox 380 1346 484 1408; x_wconf 85' lang='lat' dir='ltr'>etiam</span> <span class='ocrx_word' id='word_1_57' title='bbox 508 1344 712 1426; x_wconf 90' lang='lat' dir='ltr'>quibusdam</span> <span class='ocrx_word' id='word_1_58' title='bbox 736 1345 834 1408; x_wconf 86' lang='lat' dir='ltr'>annis</span> <span class='ocrx_word' id='word_1_59' title='bbox 862 1344 1041 1425; x_wconf 88' lang='lat' dir='ltr'>pervices</span> <span class='ocrx_word' id='word_1_60' title='bbox 1068 1343 1104 1406; x_wconf 93' lang='lat' dir='ltr'>in</span> <span class='ocrx_word' id='word_1_61' title='bbox 1135 1342 1329 1418; x_wconf 85' lang='lat' dir='ltr'>Britannia,</span> 
     </span>
     <span class='ocr_line' id='line_1_11' title="bbox 381 1441 1329 1524; baseline -0.002 -18"><span class='ocrx_word' id='word_1_62' title='bbox 381 1442 568 1520; x_wconf 86' lang='lat' dir='ltr'>Cornubia,</span> <span class='ocrx_word' id='word_1_63' title='bbox 585 1442 713 1520; x_wconf 88' lang='lat' dir='ltr'>Gallia,</span> <span class='ocrx_word' id='word_1_64' title='bbox 730 1441 924 1519; x_wconf 84' lang='lat' dir='ltr'>Armorica,</span> <span class='ocrx_word' id='word_1_65' title='bbox 942 1441 1226 1524; x_wconf 85' lang='lat' dir='ltr'>Northlrymbria,</span> <span class='ocrx_word' id='word_1_66' title='bbox 1243 1442 1329 1504; x_wconf 89' lang='lat' dir='ltr'>etin</span> 
     </span>
     <span class='ocr_line' id='line_1_12' title="bbox 381 1541 1329 1623; baseline -0.003 -18"><span class='ocrx_word' id='word_1_67' title='bbox 381 1542 562 1619; x_wconf 87' lang='lat' dir='ltr'>Hibernia,</span> <span class='ocrx_word' id='word_1_68' title='bbox 574 1542 739 1617; x_wconf 74' lang='lat' dir='ltr'>ecclesiia,</span> <span class='ocrx_word' id='word_1_69' title='bbox 755 1541 941 1606; x_wconf 86' lang='lat' dir='ltr'>secundum</span> <span class='ocrx_word' id='word_1_70' title='bbox 954 1541 1216 1623; x_wconf 90' lang='lat' dir='ltr'>possibilitatem</span> <span class='ocrx_word' id='word_1_71' title='bbox 1231 1559 1329 1603; x_wconf 86' lang='lat' dir='ltr'>suam</span> 
     </span>
     <span class='ocr_line' id='line_1_13' title="bbox 218 1640 1330 1721; baseline 0.004 -23"><span class='ocrx_word' id='word_1_72' title='bbox 218 1659 349 1720; x_wconf 72' lang='lat' dir='ltr'>orvaanor</span> <span class='ocrx_word' id='word_1_73' title='bbox 380 1641 564 1706; x_wconf 87' lang='lat' dir='ltr'>distribuit.</span> <span class='ocrx_word' id='word_1_74' title='bbox 619 1640 687 1704; x_wconf 92' lang='lat' dir='ltr'>His</span> <span class='ocrx_word' id='word_1_75' title='bbox 702 1642 753 1705; x_wconf 89' lang='lat' dir='ltr'>ita</span> <span class='ocrx_word' id='word_1_76' title='bbox 774 1643 818 1704; x_wconf 91' lang='lat' dir='ltr'>ab</span> <span class='ocrx_word' id='word_1_77' title='bbox 834 1660 874 1704; x_wconf 91' lang='lat' dir='ltr'>eo</span> <span class='ocrx_word' id='word_1_78' title='bbox 895 1640 1130 1705; x_wconf 87' lang='lat' dir='ltr'>ordinabiliter</span> <span class='ocrx_word' id='word_1_79' title='bbox 1143 1640 1330 1721; x_wconf 90' lang='lat' dir='ltr'>dispositis,</span> 
     </span>
     <span class='ocr_line' id='line_1_14' title="bbox 216 1709 1329 1823; baseline -0.002 -19"><span class='ocrx_word' id='word_1_80' title='bbox 216 1709 251 1749; x_wconf 61' lang='grc' dir='ltr'>Μ’</span> <span class='ocrx_word' id='word_1_81' title='bbox 261 1714 321 1750; x_wconf 62' lang='lat'>‘¹³¹⁰&#39;</span> <span class='ocrx_word' id='word_1_82' title='bbox 380 1741 554 1804; x_wconf 87' lang='lat' dir='ltr'>dimidiam</span> <span class='ocrx_word' id='word_1_83' title='bbox 568 1741 672 1806; x_wconf 89' lang='lat' dir='ltr'>etiam</span> <span class='ocrx_word' id='word_1_84' title='bbox 687 1747 819 1823; x_wconf 90' lang='lat' dir='ltr'>partem</span> <span class='ocrx_word' id='word_1_85' title='bbox 830 1741 961 1821; x_wconf 75' lang='lat' dir='ltr'>servitii</span> <span class='ocrx_word' id='word_1_86' title='bbox 976 1741 1099 1803; x_wconf 89' lang='lat' dir='ltr'>mentis</span> <span class='ocrx_word' id='word_1_87' title='bbox 1115 1746 1150 1803; x_wconf 91' lang='lat' dir='ltr'>et</span> <span class='ocrx_word' id='word_1_88' title='bbox 1164 1740 1329 1821; x_wconf 76' lang='lat' dir='ltr'>corporiS,</span> 
     </span>
     <span class='ocr_line' id='line_1_15' title="bbox 379 1838 1328 1923; baseline -0.002 -20"><span class='ocrx_word' id='word_1_89' title='bbox 379 1841 598 1923; x_wconf 90' lang='lat' dir='ltr'>inquantum</span> <span class='ocrx_word' id='word_1_90' title='bbox 621 1838 813 1917; x_wconf 89' lang='lat' dir='ltr'>infirmitas,</span> <span class='ocrx_word' id='word_1_91' title='bbox 839 1840 1061 1922; x_wconf 72' lang='lat' dir='ltr'>possibilitaS,</span> <span class='ocrx_word' id='word_1_92' title='bbox 1082 1847 1185 1921; x_wconf 90' lang='lat' dir='ltr'>atque</span> <span class='ocrx_word' id='word_1_93' title='bbox 1203 1858 1328 1921; x_wconf 87' lang='lat' dir='ltr'>suppe-</span> 
     </span>
     <span class='ocr_line' id='line_1_16' title="bbox 380 1938 1330 2022; baseline -0.001 -19"><span class='ocrx_word' id='word_1_94' title='bbox 380 1942 489 2004; x_wconf 85' lang='lat' dir='ltr'>tentia</span> <span class='ocrx_word' id='word_1_95' title='bbox 525 1940 750 2022; x_wconf 84' lang='lat' dir='ltr'>permittoret,</span> <span class='ocrx_word' id='word_1_96' title='bbox 778 1939 900 2003; x_wconf 93' lang='lat' dir='ltr'>diurno</span> <span class='ocrx_word' id='word_1_97' title='bbox 930 1938 1060 2003; x_wconf 88' lang='lat' dir='ltr'>scilicet</span> <span class='ocrx_word' id='word_1_98' title='bbox 1092 1958 1133 2002; x_wconf 92' lang='lat' dir='ltr'>ac</span> <span class='ocrx_word' id='word_1_99' title='bbox 1162 1945 1330 2003; x_wconf 89' lang='lat' dir='ltr'>nocturno</span> 
     </span>
     <span class='ocr_line' id='line_1_17' title="bbox 380 2038 1327 2122; baseline 0 -20"><span class='ocrx_word' id='word_1_100' title='bbox 380 2046 546 2122; x_wconf 90' lang='lat' dir='ltr'>tempore,</span> <span class='ocrx_word' id='word_1_101' title='bbox 575 2040 658 2103; x_wconf 91' lang='lat' dir='ltr'>totis</span> <span class='ocrx_word' id='word_1_102' title='bbox 684 2039 816 2103; x_wconf 88' lang='lat' dir='ltr'>viribus</span> <span class='ocrx_word' id='word_1_103' title='bbox 842 2058 880 2102; x_wconf 88' lang='lat' dir='ltr'>se</span> <span class='ocrx_word' id='word_1_104' title='bbox 910 2038 1121 2102; x_wconf 89' lang='lat' dir='ltr'>redditurum</span> <span class='ocrx_word' id='word_1_105' title='bbox 1148 2039 1225 2102; x_wconf 90' lang='lat' dir='ltr'>Deo</span> <span class='ocrx_word' id='word_1_106' title='bbox 1248 2058 1327 2121; x_wconf 87' lang='lat' dir='ltr'>spo-</span> 
     </span>
     <span class='ocr_line' id='line_1_18' title="bbox 380 2138 1328 2220; baseline -0.001 -17"><span class='ocrx_word' id='word_1_107' title='bbox 380 2139 510 2220; x_wconf 91' lang='lat' dir='ltr'>pondit.</span> <span class='ocrx_word' id='word_1_108' title='bbox 564 2138 665 2203; x_wconf 90' lang='lat' dir='ltr'>Unde</span> <span class='ocrx_word' id='word_1_109' title='bbox 680 2139 880 2219; x_wconf 84' lang='lat' dir='ltr'>excogitare</span> <span class='ocrx_word' id='word_1_110' title='bbox 896 2139 1001 2220; x_wconf 90' lang='lat' dir='ltr'>coepit</span> <span class='ocrx_word' id='word_1_111' title='bbox 1016 2157 1086 2220; x_wconf 91' lang='lat' dir='ltr'>qua</span> <span class='ocrx_word' id='word_1_112' title='bbox 1100 2140 1233 2202; x_wconf 87' lang='lat' dir='ltr'>ratione</span> <span class='ocrx_word' id='word_1_113' title='bbox 1249 2157 1328 2220; x_wconf 90' lang='lat' dir='ltr'>pro-</span> 
     </span>
     <span class='ocr_line' id='line_1_19' title="bbox 381 2238 1328 2303; baseline -0.001 -2"><span class='ocrx_word' id='word_1_114' title='bbox 381 2240 522 2302; x_wconf 90' lang='lat' dir='ltr'>missum</span> <span class='ocrx_word' id='word_1_115' title='bbox 548 2240 622 2303; x_wconf 87' lang='lat' dir='ltr'>voti</span> <span class='ocrx_word' id='word_1_116' title='bbox 649 2239 704 2301; x_wconf 91' lang='lat' dir='ltr'>sui</span> <span class='ocrx_word' id='word_1_117' title='bbox 739 2245 892 2303; x_wconf 85' lang='lat' dir='ltr'>tenorem</span> <span class='ocrx_word' id='word_1_118' title='bbox 924 2238 1118 2302; x_wconf 84' lang='lat' dir='ltr'>lethotenus</span> <span class='ocrx_word' id='word_1_119' title='bbox 1141 2239 1328 2301; x_wconf 91' lang='lat' dir='ltr'>incommu-</span> 
     </span>
     <span class='ocr_line' id='line_1_20' title="bbox 382 2336 1329 2420; baseline 0 -19"><span class='ocrx_word' id='word_1_120' title='bbox 382 2339 534 2402; x_wconf 87' lang='lat' dir='ltr'>tabiliter</span> <span class='ocrx_word' id='word_1_121' title='bbox 575 2357 778 2403; x_wconf 88' lang='lat' dir='ltr'>conservare</span> <span class='ocrx_word' id='word_1_122' title='bbox 814 2345 943 2420; x_wconf 86' lang='lat' dir='ltr'>posset.</span> <span class='ocrx_word' id='word_1_123' title='bbox 995 2336 1152 2401; x_wconf 88' lang='lat' dir='ltr'>Tandem</span> <span class='ocrx_word' id='word_1_124' title='bbox 1188 2338 1329 2402; x_wconf 89' lang='lat' dir='ltr'>invento</span> 
     </span>
     <span class='ocr_line' id='line_1_21' title="bbox 381 2436 1329 2519; baseline 0.003 -21"><span class='ocrx_word' id='word_1_125' title='bbox 381 2437 457 2500; x_wconf 93' lang='lat' dir='ltr'>utili</span> <span class='ocrx_word' id='word_1_126' title='bbox 473 2436 690 2519; x_wconf 90' lang='lat' dir='ltr'>discretoque</span> <span class='ocrx_word' id='word_1_127' title='bbox 708 2438 861 2515; x_wconf 89' lang='lat' dir='ltr'>consili0,</span> <span class='ocrx_word' id='word_1_128' title='bbox 877 2437 943 2501; x_wconf 92' lang='lat' dir='ltr'>sibi</span> <span class='ocrx_word' id='word_1_129' title='bbox 968 2455 1081 2500; x_wconf 88' lang='lat' dir='ltr'>ceram</span> <span class='ocrx_word' id='word_1_130' title='bbox 1106 2436 1329 2501; x_wconf 88' lang='lat' dir='ltr'>sufficientem</span> 
     </span>
     <span class='ocr_line' id='line_1_22' title="bbox 382 2534 1328 2620; baseline 0.001 -21"><span class='ocrx_word' id='word_1_131' title='bbox 382 2535 507 2612; x_wconf 89' lang='lat' dir='ltr'>offerri,</span> <span class='ocrx_word' id='word_1_132' title='bbox 532 2543 567 2598; x_wconf 91' lang='lat' dir='ltr'>et</span> <span class='ocrx_word' id='word_1_133' title='bbox 591 2536 635 2598; x_wconf 89' lang='lat' dir='ltr'>ad</span> <span class='ocrx_word' id='word_1_134' title='bbox 659 2536 817 2599; x_wconf 91' lang='lat' dir='ltr'>denarios</span> <span class='ocrx_word' id='word_1_135' title='bbox 835 2555 980 2617; x_wconf 88' lang='lat' dir='ltr'>pensare</span> <span class='ocrx_word' id='word_1_136' title='bbox 1007 2537 1044 2599; x_wconf 94' lang='lat' dir='ltr'>in</span> <span class='ocrx_word' id='word_1_137' title='bbox 1070 2534 1213 2601; x_wconf 87' lang='lat' dir='ltr'>trutina¹</span> <span class='ocrx_word' id='word_1_138' title='bbox 1239 2557 1328 2620; x_wconf 85' lang='lat' dir='ltr'>prae·</span> 
     </span>
     <span class='ocr_line' id='line_1_23' title="bbox 382 2637 1329 2718; baseline 0.001 -20"><span class='ocrx_word' id='word_1_139' title='bbox 382 2637 494 2716; x_wconf 91' lang='lat' dir='ltr'>cepit;</span> <span class='ocrx_word' id='word_1_140' title='bbox 520 2654 665 2716; x_wconf 91' lang='lat' dir='ltr'>cumque</span> <span class='ocrx_word' id='word_1_141' title='bbox 686 2642 786 2699; x_wconf 89' lang='lat' dir='ltr'>tanta</span> <span class='ocrx_word' id='word_1_142' title='bbox 803 2655 883 2699; x_wconf 86' lang='lat' dir='ltr'>cera</span> <span class='ocrx_word' id='word_1_143' title='bbox 897 2643 1095 2700; x_wconf 89' lang='lat' dir='ltr'>mensurata</span> <span class='ocrx_word' id='word_1_144' title='bbox 1110 2637 1230 2700; x_wconf 90' lang='lat' dir='ltr'>fuisset</span> <span class='ocrx_word' id='word_1_145' title='bbox 1251 2656 1329 2718; x_wconf 87' lang='lat' dir='ltr'>quae</span> 
     </span>
     <span class='ocr_line' id='line_1_24' title="bbox 382 2734 1331 2816; baseline 0.002 -20"><span class='ocrx_word' id='word_1_146' title='bbox 382 2749 505 2798; x_wconf 78' lang='lat' dir='ltr'>Lxxll.</span> <span class='ocrx_word' id='word_1_147' title='bbox 534 2734 692 2798; x_wconf 90' lang='lat' dir='ltr'>denarios</span> <span class='ocrx_word' id='word_1_148' title='bbox 722 2743 894 2816; x_wconf 88' lang='lat' dir='ltr'>pensaret,</span> <span class='ocrx_word' id='word_1_149' title='bbox 920 2755 983 2798; x_wconf 83' lang='lat' dir='ltr'>sex</span> <span class='ocrx_word' id='word_1_150' title='bbox 1013 2735 1184 2813; x_wconf 85' lang='lat' dir='ltr'>candelas,</span> <span class='ocrx_word' id='word_1_151' title='bbox 1210 2756 1331 2800; x_wconf 93' lang='lat' dir='ltr'>unam-</span> 
     </span>
     <span class='ocr_line' id='line_1_25' title="bbox 381 2833 1331 2917; baseline 0.004 -22"><span class='ocrx_word' id='word_1_152' title='bbox 381 2853 552 2915; x_wconf 91' lang='lat' dir='ltr'>quamque</span> <span class='ocrx_word' id='word_1_153' title='bbox 567 2852 667 2914; x_wconf 89' lang='lat' dir='ltr'>aequa</span> <span class='ocrx_word' id='word_1_154' title='bbox 692 2833 802 2910; x_wconf 90' lang='lat' dir='ltr'>lance,</span> <span class='ocrx_word' id='word_1_155' title='bbox 818 2833 1004 2917; x_wconf 89' lang='lat' dir='ltr'>capellanis</span> <span class='ocrx_word' id='word_1_156' title='bbox 1026 2835 1097 2899; x_wconf 84' lang='lat' dir='ltr'>suis</span> <span class='ocrx_word' id='word_1_157' title='bbox 1118 2836 1197 2899; x_wconf 88' lang='lat' dir='ltr'>inde</span> <span class='ocrx_word' id='word_1_158' title='bbox 1218 2836 1331 2900; x_wconf 82' lang='lat' dir='ltr'>facere</span> 
     </span>
     <span class='ocr_line' id='line_1_26' title="bbox 381 2932 1329 3016; baseline 0.006 -23"><span class='ocrx_word' id='word_1_159' title='bbox 381 2932 581 3012; x_wconf 91' lang='lat' dir='ltr'>mandavit;</span> <span class='ocrx_word' id='word_1_160' title='bbox 608 2933 658 2995; x_wconf 90' lang='lat' dir='ltr'>ita</span> <span class='ocrx_word' id='word_1_161' title='bbox 669 2939 708 2995; x_wconf 91' lang='lat' dir='ltr'>ut</span> <span class='ocrx_word' id='word_1_162' title='bbox 720 2953 937 3016; x_wconf 75' lang='lat' dir='ltr'>unaquaque</span> <span class='ocrx_word' id='word_1_163' title='bbox 952 2934 1097 2998; x_wconf 90' lang='lat' dir='ltr'>candela</span> <span class='ocrx_word' id='word_1_164' title='bbox 1119 2952 1188 2999; x_wconf 77' lang='lat' dir='ltr'>xil.</span> <span class='ocrx_word' id='word_1_165' title='bbox 1209 2936 1329 2999; x_wconf 91' lang='lat' dir='ltr'>uncias</span> 
     </span>
     <span class='ocr_line' id='line_1_27' title="bbox 380 3030 1329 3114; baseline 0.005 -20"><span class='ocrx_word' id='word_1_166' title='bbox 380 3030 516 3113; x_wconf 89' lang='lat' dir='ltr'>pollicis</span> <span class='ocrx_word' id='word_1_167' title='bbox 547 3031 582 3093; x_wconf 94' lang='lat' dir='ltr'>in</span> <span class='ocrx_word' id='word_1_168' title='bbox 614 3050 651 3094; x_wconf 91' lang='lat' dir='ltr'>se</span> <span class='ocrx_word' id='word_1_169' title='bbox 678 3033 834 3112; x_wconf 84' lang='lat' dir='ltr'>signatas</span> <span class='ocrx_word' id='word_1_170' title='bbox 866 3034 901 3096; x_wconf 94' lang='lat' dir='ltr'>in</span> <span class='ocrx_word' id='word_1_171' title='bbox 933 3033 1147 3114; x_wconf 78' lang='lat' dir='ltr'>longitudine</span> <span class='ocrx_word' id='word_1_172' title='bbox 1176 3035 1329 3099; x_wconf 89' lang='lat' dir='ltr'>haberet.</span> 
     </span>
     <span class='ocr_line' id='line_1_28' title="bbox 383 3129 1332 3217; baseline 0.004 -24"><span class='ocrx_word' id='word_1_173' title='bbox 383 3130 508 3211; x_wconf 88' lang='lat' dir='ltr'>Itaque</span> <span class='ocrx_word' id='word_1_174' title='bbox 522 3129 588 3193; x_wconf 89' lang='lat' dir='ltr'>hac</span> <span class='ocrx_word' id='word_1_175' title='bbox 605 3139 741 3212; x_wconf 90' lang='lat' dir='ltr'>reperta</span> <span class='ocrx_word' id='word_1_176' title='bbox 765 3132 909 3210; x_wconf 90' lang='lat' dir='ltr'>ratione,</span> <span class='ocrx_word' id='word_1_177' title='bbox 927 3151 990 3195; x_wconf 87' lang='lat' dir='ltr'>sex</span> <span class='ocrx_word' id='word_1_178' title='bbox 1012 3133 1080 3197; x_wconf 88' lang='lat' dir='ltr'>illae</span> <span class='ocrx_word' id='word_1_179' title='bbox 1095 3134 1247 3199; x_wconf 67' lang='lat' dir='ltr'>candelae</span> <span class='ocrx_word' id='word_1_180' title='bbox 1270 3155 1332 3217; x_wconf 91' lang='lat' dir='ltr'>per</span> 
     </span>
     <span class='ocr_line' id='line_1_29' title="bbox 382 3230 1331 3314; baseline 0.004 -22"><span class='ocrx_word' id='word_1_181' title='bbox 382 3246 491 3294; x_wconf 85' lang='lat' dir='ltr'>xx1V.</span> <span class='ocrx_word' id='word_1_182' title='bbox 527 3230 628 3293; x_wconf 88' lang='lat' dir='ltr'>horas</span> <span class='ocrx_word' id='word_1_183' title='bbox 659 3231 714 3295; x_wconf 88' lang='lat' dir='ltr'>die</span> <span class='ocrx_word' id='word_1_184' title='bbox 744 3239 917 3314; x_wconf 91' lang='lat' dir='ltr'>noctuque</span> <span class='ocrx_word' id='word_1_185' title='bbox 949 3232 1022 3295; x_wconf 90' lang='lat' dir='ltr'>sine</span> <span class='ocrx_word' id='word_1_186' title='bbox 1053 3234 1189 3297; x_wconf 83' lang='lat' dir='ltr'>defectu</span> <span class='ocrx_word' id='word_1_187' title='bbox 1215 3253 1331 3299; x_wconf 89' lang='lat' dir='ltr'>coram</span> 
     </span>
     <span class='ocr_line' id='line_1_30' title="bbox 381 3329 1332 3416; baseline 0.003 -23"><span class='ocrx_word' id='word_1_188' title='bbox 381 3329 567 3394; x_wconf 90' lang='lat' dir='ltr'>multorum</span> <span class='ocrx_word' id='word_1_189' title='bbox 589 3339 787 3394; x_wconf 88' lang='lat' dir='ltr'>sanctorum</span> <span class='ocrx_word' id='word_1_190' title='bbox 811 3331 976 3413; x_wconf 73' lang='lat' dir='ltr'>reliquiiS,</span> <span class='ocrx_word' id='word_1_191' title='bbox 993 3352 1071 3414; x_wconf 87' lang='lat' dir='ltr'>quae</span> <span class='ocrx_word' id='word_1_192' title='bbox 1097 3353 1232 3416; x_wconf 90' lang='lat' dir='ltr'>semper</span> <span class='ocrx_word' id='word_1_193' title='bbox 1254 3354 1332 3399; x_wconf 90' lang='lat' dir='ltr'>curn</span> 
     </span>
     <span class='ocr_line' id='line_1_31' title="bbox 382 3431 1053 3512; baseline 0.004 -19"><span class='ocrx_word' id='word_1_194' title='bbox 382 3450 422 3494; x_wconf 91' lang='lat' dir='ltr'>eo</span> <span class='ocrx_word' id='word_1_195' title='bbox 438 3432 563 3512; x_wconf 91' lang='lat' dir='ltr'>ubique</span> <span class='ocrx_word' id='word_1_196' title='bbox 576 3432 839 3507; x_wconf 88' lang='lat' dir='ltr'>comitabantur,</span> <span class='ocrx_word' id='word_1_197' title='bbox 853 3431 1053 3496; x_wconf 88' lang='lat' dir='ltr'>ardebant.”</span> 
     </span>
     <span class='ocr_line' id='line_1_32' title="bbox 219 3530 1332 3619; baseline 0.007 -31"><span class='ocrx_word' id='word_1_198' title='bbox 219 3549 358 3598; x_wconf 61' lang='lat' dir='ltr'>ursinam</span> <span class='ocrx_word' id='word_1_199' title='bbox 432 3535 454 3564; x_wconf 88' lang='lat'><strong>“</strong></span> <span class='ocrx_word' id='word_1_200' title='bbox 463 3530 549 3594; x_wconf 89' lang='lat' dir='ltr'>Erat</span> <span class='ocrx_word' id='word_1_201' title='bbox 559 3538 727 3611; x_wconf 75' lang='lat' dir='ltr'>praterea</span> <span class='ocrx_word' id='word_1_202' title='bbox 737 3551 800 3594; x_wconf 84' lang='lat' dir='ltr'>rex</span> <span class='ocrx_word' id='word_1_203' title='bbox 813 3531 904 3595; x_wconf 88' lang='lat' dir='ltr'>idem</span> <span class='ocrx_word' id='word_1_204' title='bbox 916 3533 952 3595; x_wconf 93' lang='lat' dir='ltr'>in</span> <span class='ocrx_word' id='word_1_205' title='bbox 964 3533 1173 3616; x_wconf 85' lang='lat' dir='ltr'>exequendis</span> <span class='ocrx_word' id='word_1_206' title='bbox 1180 3532 1332 3616; x_wconf 91' lang='lat' dir='ltr'>judiciis,</span> 
     </span>
     <span class='ocr_line' id='line_1_33' title="bbox 218 3601 1330 3710; baseline 0.006 -21"><span class='ocrx_word' id='word_1_207' title='bbox 218 3601 355 3689; x_wconf 45' lang='lat' dir='ltr'>mnam.</span> <span class='ocrx_word' id='word_1_208' title='bbox 382 3630 471 3693; x_wconf 90' lang='lat' dir='ltr'>sicut</span> <span class='ocrx_word' id='word_1_209' title='bbox 493 3629 529 3692; x_wconf 92' lang='lat' dir='ltr'>in</span> <span class='ocrx_word' id='word_1_210' title='bbox 552 3630 686 3694; x_wconf 88' lang='lat' dir='ltr'>caeteris</span> <span class='ocrx_word' id='word_1_211' title='bbox 712 3630 789 3694; x_wconf 91' lang='lat' dir='ltr'>aliis</span> <span class='ocrx_word' id='word_1_212' title='bbox 807 3632 963 3696; x_wconf 90' lang='lat' dir='ltr'>omnibus</span> <span class='ocrx_word' id='word_1_213' title='bbox 987 3634 1102 3710; x_wconf 88' lang='lat' dir='ltr'>rebus,</span> <span class='ocrx_word' id='word_1_214' title='bbox 1129 3633 1330 3696; x_wconf 87' lang='lat' dir='ltr'>discretissi-</span> 
     </span>
     <span class='ocr_line' id='line_1_34' title="bbox 382 3728 1331 3812; baseline 0.005 -22"><span class='ocrx_word' id='word_1_215' title='bbox 382 3748 459 3791; x_wconf 88' lang='lat' dir='ltr'>mus</span> <span class='ocrx_word' id='word_1_216' title='bbox 474 3728 674 3810; x_wconf 84' lang='lat' dir='ltr'>indagator:</span> <span class='ocrx_word' id='word_1_217' title='bbox 699 3749 778 3792; x_wconf 88' lang='lat' dir='ltr'>nam</span> <span class='ocrx_word' id='word_1_218' title='bbox 802 3731 918 3794; x_wconf 87' lang='lat' dir='ltr'>omnia</span> <span class='ocrx_word' id='word_1_219' title='bbox 941 3734 1157 3812; x_wconf 89' lang='lat' dir='ltr'>penetotius</span> <span class='ocrx_word' id='word_1_220' title='bbox 1182 3752 1254 3796; x_wconf 87' lang='lat' dir='ltr'>suae</span> <span class='ocrx_word' id='word_1_221' title='bbox 1277 3752 1331 3795; x_wconf 91' lang='lat' dir='ltr'>re-</span> 
     </span>
     <span class='ocr_line' id='line_1_35' title="bbox 382 3827 1331 3913; baseline 0.006 -23"><span class='ocrx_word' id='word_1_222' title='bbox 382 3829 493 3908; x_wconf 81' lang='lat' dir='ltr'>gionis</span> <span class='ocrx_word' id='word_1_223' title='bbox 504 3827 648 3910; x_wconf 87' lang='lat' dir='ltr'>judicia,</span> <span class='ocrx_word' id='word_1_224' title='bbox 662 3848 739 3910; x_wconf 89' lang='lat' dir='ltr'>quae</span> <span class='ocrx_word' id='word_1_225' title='bbox 762 3829 797 3891; x_wconf 92' lang='lat' dir='ltr'>in</span> <span class='ocrx_word' id='word_1_226' title='bbox 820 3831 977 3893; x_wconf 90' lang='lat' dir='ltr'>absentia</span> <span class='ocrx_word' id='word_1_227' title='bbox 992 3851 1056 3895; x_wconf 91' lang='lat' dir='ltr'>sua</span> <span class='ocrx_word' id='word_1_228' title='bbox 1071 3832 1211 3909; x_wconf 90' lang='lat' dir='ltr'>fiebant,</span> <span class='ocrx_word' id='word_1_229' title='bbox 1228 3851 1331 3913; x_wconf 80' lang='lat' dir='ltr'>saga·</span> 
     </span>
     <span class='ocr_line' id='line_1_36' title="bbox 382 3927 1330 4014; baseline 0.004 -24"><span class='ocrx_word' id='word_1_230' title='bbox 382 3928 467 3990; x_wconf 88' lang='lat' dir='ltr'>citer</span> <span class='ocrx_word' id='word_1_231' title='bbox 492 3928 725 4010; x_wconf 84' lang='lat' dir='ltr'>investigabat</span> <span class='ocrx_word' id='word_1_232' title='bbox 750 3928 866 4009; x_wconf 92' lang='lat' dir='ltr'>qualia</span> <span class='ocrx_word' id='word_1_233' title='bbox 891 3927 1023 4006; x_wconf 91' lang='lat' dir='ltr'>fierent,</span> <span class='ocrx_word' id='word_1_234' title='bbox 1034 3931 1133 4014; x_wconf 86' lang='lat' dir='ltr'>justa</span> <span class='ocrx_word' id='word_1_235' title='bbox 1149 3939 1211 3996; x_wconf 89' lang='lat' dir='ltr'>aut</span> <span class='ocrx_word' id='word_1_236' title='bbox 1225 3932 1330 3996; x_wconf 85' lang='lat' dir='ltr'>etiam</span> 
     </span>
    </p>
   </div>
   <div class='ocr_carea' id='block_1_3' title="bbox 1343 4126 1359 4154">
    <p class='ocr_par' dir='ltr' id='par_1_3' title="bbox 1343 4126 1359 4154">
     <span class='ocr_line' id='line_1_37' title="bbox 1343 4126 1359 4154; baseline 0 0"><span class='ocrx_word' id='word_1_237' title='bbox 1343 4126 1359 4154; x_wconf 74' lang='lat'><em>0</em></span> 
     </span>
    </p>
   </div>
   <div class='ocr_carea' id='block_1_4' title="bbox 797 4152 953 4204">
    <p class='ocr_par' dir='ltr' id='par_1_4' title="bbox 797 4152 953 4204">
     <span class='ocr_line' id='line_1_38' title="bbox 797 4152 953 4204; baseline 0.006 -1"><span class='ocrx_word' id='word_1_238' title='bbox 797 4152 804 4183; x_wconf 91' lang='lat'><strong>¹</strong></span> <span class='ocrx_word' id='word_1_239' title='bbox 824 4155 908 4204; x_wconf 87' lang='lat' dir='ltr'>bilibri</span> <span class='ocrx_word' id='word_1_240' title='bbox 920 4154 953 4204; x_wconf 81' lang='lat' dir='ltr'>A.</span> 
     </span>
    </p>
   </div>
   <div class='ocr_carea' id='block_1_5' title="bbox 0 0 1479 4860">
    <p class='ocr_par' dir='ltr' id='par_1_5' title="bbox 0 0 1479 4860">
     <span class='ocr_line' id='line_1_39' title="bbox 0 0 1479 4860; baseline 0 0"><span class='ocrx_word' id='word_1_241' title='bbox 0 0 1479 4860; x_wconf 95' lang='lat' dir='ltr'> </span> 
     </span>
    </p>
   </div>
  </div>
 </body>
</html>
