2940 4860
340 389 404 454 108
707 399 917 449 ouaorucon

339 581 408 625 non
425 560 640 635 studuerant,
652 557 783 621 foelices
793 556 999 620 arbitrantes
1010 554 1113 639 hujus
1125 558 1290 637 temporis

335 660 495 743 juvenes
512 659 570 741 qui
598 657 793 722 liberalibus
821 656 953 719 artibus
978 655 1138 719 foeliciter
1162 656 1288 719 erudiri

339 765 520 841 poterant3
545 778 582 822 se
597 777 679 821 vero
695 755 862 820 infoelices
878 755 1128 832 existimantes
1144 755 1203 838 qui
1225 775 1287 818 nec

339 859 405 922 hoc
434 860 469 922 in
488 859 672 942 juventute
696 855 896 930 didicerant,
918 873 981 918 nec
999 855 1103 918 etiam
1129 855 1165 918 in
1190 874 1287 918 sene-

340 964 446 1035 ctute,
476 958 634 1039 quamvis
669 956 841 1019 inhianter
880 954 1124 1033 desiderarent,
1156 953 1287 1018 discere

340 1057 535 1140 poterant.”

193 1168 308 1208 A·1>·⁸⁸⁹·
390 1157 474 1220 Dux
497 1155 631 1231 nobilis,
648 1156 784 1219 Beocca
809 1153 955 1229 nomine,
973 1152 1119 1216 AEllredi
1139 1154 1230 1234 regis
1253 1163 1288 1219 et

176 1235 257 1273 Beocca

176 1285 312 1332 convenae
338 1255 636 1320 West-Saxonum
675 1254 925 1335 eleemosynam
966 1253 1115 1316 Romam
1152 1253 1286 1319 detulit.

176 1335 230 1373 alme
240 1340 263 1372 to

176 1387 249 1424 aomo.
339 1354 469 1418 Eodem
492 1374 582 1419 anno
606 1374 703 1418 soror
725 1353 815 1434 regis
839 1352 1094 1428 AEthelswitha,
1120 1351 1289 1416 Burhredi

176 1434 312 1524 hilline
339 1455 429 1534 regis
459 1454 668 1518 Merciorum
693 1454 824 1533 regina,
849 1460 903 1516 est
931 1451 1104 1528 defuncta,
1130 1458 1165 1514 et
1195 1452 1286 1534 apud

177 1545 245 1582 queen
256 1535 280 1573 ol

177 1585 268 1630 nerea,
338 1551 509 1615 Ticinum¹
525 1553 673 1635 sepulta.
726 1550 805 1629 Quo
820 1552 923 1615 etiarn
947 1570 1038 1614 anno
1062 1549 1132 1613 dux
1151 1552 1285 1615 AEthel-

175 1634 297 1722 griffina„
340 1652 483 1727 woldus,
509 1658 543 1715 et
569 1651 842 1716 Dorubernensis
866 1650 1143 1732 archiepiscopus
1165 1650 1287 1715 AEthe-

177 1733 316 1823 iiiiii&
339 1751 440 1814 redus
458 1753 493 1815 in
511 1771 579 1816 uno
594 1770 709 1814 mense
724 1749 906 1828 obierunt,2
922 1750 977 1814 cui
998 1750 1034 1813 in
1057 1749 1284 1832 archiepisco-

176 1835 329 1924 ξξξξὲξὲξὲἷςὲ
338 1857 422 1932 patu
448 1852 614 1916 successit
636 1850 895 1932 Pleigmundus,
917 1849 1026 1913 literis
1055 1850 1213 1914 nobihter
1233 1853 1285 1914 in-

177 1934 311 1984 P¹⁹¹⁸¹⁰¹¹¹¹d'
338 1950 516 2015 structus.³

193 2049 253 2089 M>-
263 2051 308 2089 ⁸⁹¹·
389 2050 508 2114 Abbas
540 2048 787 2114 Beornhelmus
818 2049 965 2113 AElfredi
989 2049 1081 2130 regis
1108 2057 1143 2112 et
1169 2049 1284 2113 West·

176 2115 305 2204 hildilid
338 2148 514 2214 Saxonum
533 2152 783 2232 eleemosynam
801 2150 949 2213 Romam
967 2150 1128 2232 portavit.
1173 2148 1287 2214 Guth-

176 2215 314 2353 {lpiliiith‘
337 2269 426 2327 rum,
436 2271 499 2314 rex
515 2250 550 2314 N
552 2250 821 2326 orthmannicus,
832 2268 945 2330 quern,
955 2259 994 2312 ut
1008 2249 1144 2330 praefati
1157 2268 1287 2327 sumus,

177 2325 281 2453 geifpi'or
340 2349 383 2412 de
400 2350 607 2414 sacrofonte
624 2369 684 2413 rex
701 2349 890 2430 suscipiens
909 2348 1095 2425 AElsredus,
1111 2369 1234 2413 nomen
1256 2351 1288 2412 ei

198 2424 213 2453 ¹¹
238 2425 294 2454 'um‘
343 2449 538 2513 AEthelstan
572 2450 747 2530 imposuit,
773 2449 837 2512 hoc
870 2467 961 2512 anno
989 2448 1084 2512 obiit.
1150 2447 1219 2511 Hic
1251 2449 1287 2511 in

343 2546 511 2611 Orientali
528 2547 660 2628 Anglia
686 2567 763 2611 curn
789 2549 860 2611 suis
883 2548 1064 2624 habitavit,
1091 2553 1125 2610 et
1148 2548 1287 2629 provin·

341 2647 429 2710 ciam
447 2647 554 2724 illam,
571 2655 651 2729 post
664 2647 866 2729 martyrium
881 2648 993 2710 sancti
1007 2646 1099 2728 regis
1115 2647 1289 2710 Eadmun-

178 2762 294 2851 {³⁸²⁸¹⁸}'h⁸·
341 2746 387 2822 di,
414 2748 573 2828 primitus
598 2747 740 2810 incoluit
769 2753 803 2810 et
826 2747 990 2830 possedit.
1044 2746 1175 2809 Eodem
1199 2766 1289 2811 anno

178 2823 301 2952 ffinpi
340 2865 433 2927 saepe
469 2847 581 2910 dictus
625 2847 798 2910 exercitus
836 2847 1058 2928 Paganorum
1094 2845 1289 2929 Sequanam

272 2939 277 2952 '
341 2945 514 3022 deserens
541 2945 652 3008 locum
687 2947 746 3026 qui
778 2946 903 3009 dicitur
934 2943 1176 3022 Santlaudan‚⁴
1201 2945 1291 3009 inter

343 3044 525 3108 Franciam
538 3052 574 3108 et
584 3040 811 3109 Armoricam⁵
820 3046 934 3122 situm,
945 3044 1049 3119 adiit,
1069 3051 1190 3108 contra
1203 3065 1290 3127 quos

342 3144 503 3209 Britoues
535 3151 789 3227 pugnaverunt,
812 3153 846 3209 et
873 3164 991 3210 eorum
1021 3144 1226 3226 quibusdam
1254 3146 1291 3208 in
1364 3181 1366 3185 ·

341 3264 399 3308 ore
426 3245 532 3325 gladii
556 3245 752 3327 peremptis
780 3244 984 3326 quibusdam
1008 3264 1090 3308 vero
1114 3243 1149 3306 in
1170 3244 1289 3326 lugam

341 3345 461 3421 versis,
494 3351 528 3407 et
559 3345 708 3426 quodam
737 3345 772 3408 in
803 3343 942 3407 flumine
971 3344 1105 3422 mersis,
1142 3345 1291 3408 victores

341 3427 556 3509 extiterunt.⁶

179 3553 328 3668 alima
392 3544 606 3608 Memoratus
631 3543 852 3625 Paganorum
877 3546 1049 3607 exercitus
1077 3542 1291 3606 Occidentali

178 3669 298 3708 nunnae
343 3643 490 3707 Francia
523 3643 698 3720 derelicta,
723 3642 935 3707 Orientalem
959 3643 1066 3722 adiit3
1090 3643 1149 3706 sed
1177 3643 1291 3725 prius-

178 3718 278 3808 ‘iiiii‘
341 3762 444 3824 quam
462 3743 522 3807 illo
542 3742 662 3805 classis
678 3762 795 3806 eorum
814 3743 929 3806 venire
953 3750 1083 3824 posset,
1102 3743 1290 3824 imperator

375 3949 380 3977 ¹
402 3952 534 4014 Ticinum]
547 3951 799 4001 Pavia.Sax.Chron.
861 3948 870 3977 ⁴
887 3951 1061 4014 Seminarium]
1079 3951 1115 4000 st.
1129 3951 1175 4001 Lo.

374 4017 384 4050 ²
400 4021 462 4071 Sax.
474 4022 567 4072 Chron.
580 4037 603 4072 a.
617 4026 674 4071 888.
861 4018 871 4049 ⁶
888 4020 1059 4083 tirannicam]
1078 4021 1204 4083 Brittany.

373 4089 438 4138 ³cui
451 4127 539 4141 .....
551 4085 706 4159 instructoe]
740 4092 800 4140 Sex.
861 4087 951 4141 ⁶Sax.
967 4090 1060 4140 Chron.
1079 4106 1102 4140 a.
1121 4095 1178 4154 890,
1196 4092 1292 4156 though

339 4156 432 4210 Chron.
445 4176 468 4209 a.
483 4165 539 4210 890.
828 4175 874 4208 one
887 4161 943 4210 MS.
956 4159 1003 4209 has
1014 4164 1072 4210 891.
