2940 4860
376 418 569 468 nuonnurrr
598 422 880 472 wrcouurausrs.
1034 407 1099 473 227

151 587 250 661 parte
275 579 412 643 fuerant
435 578 579 656 dimissi,
594 581 746 666 acceptis
773 581 869 663 prius
897 581 940 645 ab
966 581 1016 644 eis
1040 583 1100 646 ch·

151 681 281 744 sidibus
311 686 347 744 et
385 681 622 758 sacramentis
655 701 732 744 cum
773 698 841 746 xx.
878 682 1024 747 navibus
1063 692 1099 748 et

148 780 303 863 reliquiis
320 780 506 859 exercitus,
530 781 565 845 in
590 783 738 863 patriam
762 782 872 847 redire
894 783 1000 847 libere
1019 803 1098 866 per·

150 879 268 945 misit.¹
1074 904 1082 918 ·

200 981 340 1046 Interea
370 981 452 1046 dum
481 981 555 1046 haec
584 989 781 1063 agerentur,
817 990 853 1046 et
883 1002 946 1046 rex
980 1003 1098 1047 omnes
1110 1005 1206 1053 1111111
1214 1005 1239 1043 a

149 1101 230 1147 suos
253 1081 409 1147 inimicos
433 1089 629 1147 autumaret
653 1082 796 1147 detritos
821 1083 939 1162 fuisse,
963 1055 1241 1155 11111111-ἶέιὲᾛὲγῖ

150 1193 224 1250 tum
254 1191 307 1249 est
346 1182 390 1260 ei,
422 1182 636 1248 Willelmum
667 1183 826 1248 comitem
863 1183 975 1274 gentis
1006 1183 1100 1249 Nor·

152 1284 320 1347 mannicae
351 1302 431 1346 cum
468 1282 647 1347 innumera
683 1283 902 1348 multitudine
933 1284 1100 1368 equitum,

153 1383 433 1462 fundibaliorum,
469 1383 738 1465 sagittariorum,
780 1385 1001 1468 peditumque
1038 1385 1099 1450 ad-

155 1485 301 1562 venisse,
328 1491 451 1567 utpote
479 1484 539 1567 qui
571 1482 615 1548 de
645 1491 721 1549 tota
750 1483 868 1550 Gallia
898 1485 963 1550 sibi
992 1485 1100 1550 sortes

154 1585 356 1650 auxiliarios
378 1583 605 1665 conduxerat,
622 1592 658 1650 et
679 1587 716 1649 in
741 1586 819 1650 loco
846 1586 906 1668 qui
932 1585 1101 1650 Pefnesea

153 1686 279 1750 dicitur
303 1706 402 1751 suam
424 1685 569 1751 classem
588 1685 774 1768 appulisse.
827 1686 930 1751 Unde
948 1705 1009 1751 rex
1030 1694 1102 1752 sta·
1113 1707 1217 1748 1111111

155 1786 217 1850 tim
247 1806 367 1851 versus
399 1785 616 1851 Lundoniam
641 1803 742 1851 suum
772 1787 880 1852 movit
912 1787 1101 1852 exercitum
1114 1759 1223 1807 mm

154 1906 377 1969 magnacum
399 1886 640 1966 festinatione;
663 1888 699 1951 et
719 1887 800 1952 licet
817 1884 860 1950 de
881 1894 955 1951 tota
972 1885 1103 1972 Anglia

159 1987 492 2070 fortiores-quosque
514 1988 550 2053 in
575 1986 709 2070 proeliis
725 1987 859 2052 duobus
887 1987 974 2052 bene
1001 1989 1104 2052 sciret

151 2088 225 2172 jam
250 2088 424 2164 cecidisse,
448 2087 664 2172 mediamque
687 2095 821 2171 partem
845 2088 900 2152 sui
927 2087 1102 2154 exercitus

158 2188 309 2253 nondum
326 2189 540 2266 convenisse,
563 2208 667 2270 quam
684 2188 784 2253 citius
801 2197 915 2253 tamen
929 2189 1053 2272 potuit,
1068 2187 1104 2252 in

158 2289 417 2354 Suth-Saxonia
439 2290 511 2354 suis
537 2288 693 2353 hostibus
708 2308 887 2354 occurrere
903 2308 971 2353 non
987 2287 1104 2353 sormi-
1164 2281 1167 2287 ’

158 2389 266 2467 davit,
283 2398 319 2455 et
336 2410 458 2455 novem
482 2389 638 2454 miliariis
664 2391 708 2454 ab
731 2388 941 2472 Heastinga,
957 2389 1017 2454 ubi
1038 2389 1104 2454 sibi

157 2490 338 2554 castellum
355 2491 588 2568 firmaverant,
602 2489 802 2574 prinsquam
827 2491 928 2555 tertia
945 2509 1028 2574 pars
1049 2489 1105 2553 111

157 2592 331 2655 exercitus
361 2591 587 2668 ordinaretur,
619 2607 674 2656 xr.
704 2589 776 2656 kal.
806 2590 1014 2657 Novembris
1045 2587 1105 2675 [22

158 2689 268 2777 Oct.],
284 2691 449 2770 Sabbato,
469 2710 546 2755 cum
570 2691 619 2756 eis
642 2692 801 2775 proelium
828 2691 1019 2756 commisit:
1043 2690 1104 2754 sed

158 2792 240 2874 quia
257 2799 333 2856 arto
348 2792 384 2856 in
398 2792 475 2856 loco
489 2792 668 2857 constituti
685 2792 823 2858 lucrant
837 2790 955 2875 Angli,
970 2792 1013 2857 de
1030 2790 1104 2856 acie

158 2911 196 2956 11
228 2891 327 2956 multi
356 2894 572 2970 subtraxere,
597 2900 633 2958 et
658 2912 737 2958 cum
762 2911 803 2957 eo
835 2892 1000 2977 perpauci
1025 2910 1105 2956 con-

157 2999 289 3058 stantes
319 2993 422 3058 corde
451 3012 668 3058 remansere:
697 2995 741 3058 ab
771 2993 857 3058 hora
890 3002 1005 3058 tamen
1036 2992 1104 3056 diei

158 3093 261 3159 tertia
275 3113 386 3177 usque
399 3094 511 3159 noctis
537 3095 775 3176 crepusculum
801 3094 874 3158 suis
897 3092 1104 3158 adversariis

157 3193 286 3259 restitit
314 3192 512 3273 fortissime,
536 3201 571 3259 et
600 3213 638 3259 se
669 3195 781 3279 ipsum
812 3193 999 3277 pugnando
1030 3200 1103 3257 tam

156 3293 292 3359 sortiter
306 3295 459 3361 defendit
479 3302 516 3361 et
537 3304 607 3360 tam
631 3303 781 3375 strenue,
796 3295 910 3361 utrix
925 3295 970 3359 ab
987 3293 1104 3358 hostili

156 3395 303 3459 interimi
317 3404 434 3478 posset
448 3396 596 3479 agmine.
648 3394 697 3462 At
720 3402 905 3480 postquam
925 3414 970 3459 ex
992 3393 1046 3458 his
1069 3401 1105 3458 et

155 3495 224 3560 illis
249 3496 492 3580 quamplurimi
514 3515 685 3575 corruere,
708 3497 787 3575 heu,
810 3497 957 3580 ipsemet
981 3494 1105 3559 cecidit

156 3597 350 3679 crepusculi
386 3603 552 3680 tempore.
603 3594 755 3662 Comites
782 3598 886 3662 etiam
918 3595 1033 3680 Gyrth
1069 3605 1105 3660 et

158 3695 357 3761 Leofwinus
387 3698 511 3768 fratres
537 3698 630 3763 illius
655 3697 820 3777 cecidere,
845 3704 880 3763 et
907 3696 979 3762 fere
1006 3696 1105 3760 nobi·

156 3795 260 3862 liores
278 3799 385 3862 totius
400 3796 539 3881 Angliae
553 3817 562 3877 ;
587 3799 784 3863 Willelmus
797 3817 882 3862 vero
896 3815 1012 3863 comes
1026 3816 1105 3861 cum

156 3898 229 3962 suis
255 3897 638 3981 Η11111111111111111111.ε
689 3899 867 3983 Regnavit
889 3905 1005 3962 autem
1027 3897 1105 3961 Ha·
1156 3923 1159 3928 ·

191 4086 278 4141 ¹Sax.
299 4091 402 4153 Chrom,
421 4090 518 4154 though
539 4106 620 4153 appa·
679 4090 690 4119 ²
723 4093 885 4155 Heartiagam
918 4091 1014 4156 rediit]
1060 4089 1110 4141 For

154 4160 237 4222 reutly
253 4160 317 4209 from
334 4176 350 4210 a
368 4161 423 4210 MS.
442 4175 474 4210 no
491 4160 579 4223 longer
594 4163 620 4210 in
644 4163 721 4211 fuller
739 4163 891 4225 particulare
910 4162 939 4212 11
957 4163 999 4212 the
1017 4163 1110 4213 battlea

156 4231 293 4281 existence.
645 4232 968 4297 olStamiordBridgeand
976 4232 1111 4296 Hastings,

893 4333 942 4378 12
