2940 4860
358 385 550 433 aroannru
576 383 857 434 vv1eonrua1vs1s
1024 369 1088 435 143

132 547 329 621 operatores
353 560 429 605 esse
447 539 586 618 vellent,
606 539 836 622 juraverunt:
860 560 938 603 cum
964 540 1088 621 quibus

136 639 191 702 die
214 641 364 720 quadam
387 640 553 722 scapham
576 639 744 715 ascendit,
762 639 899 721 illisque
916 639 960 702 ad
975 659 1089 703 remos

135 738 274 814 locatis·
296 739 370 821 ipse
395 739 530 803 clavum
558 738 782 820 gubernaculi
810 739 988 821 arripiens,
1011 758 1088 817 eam

137 857 200 919 per
211 857 350 901 cursum
368 837 519 901 fluminis
536 839 620 901 Deae
633 837 743 919 perite
754 837 971 918 gubernavit,
981 839 1090 901 omni-

138 954 205 1017 que
234 940 337 1000 turba
369 936 495 1001 ducum
525 944 561 1001 et
589 956 783 1018 procerum,
812 937 916 1002 simili
947 937 1088 1017 navigio

137 1037 334 1112 comitante,
353 1055 375 1099 a
388 1037 519 1119 palatio
539 1036 583 1100 ad
603 1037 848 1100 monasterium
862 1036 898 1100 S.
917 1035 940 1100 J
943 1035 1087 1099 ohannis

139 1134 310 1216 Baptistae
338 1137 537 1216 navigavit3
569 1135 629 1198 ubi
653 1134 747 1198 facta
774 1136 940 1210 oratione,
967 1135 1087 1212 eadem

139 1253 265 1316 pompa
280 1234 323 1297 ad
338 1234 507 1316 palatium
519 1234 704 1297 remeavit:
728 1233 821 1314 qnod
836 1234 918 1298 dum
933 1235 1089 1310 intraret,

140 1333 364 1415 optimatibus
383 1333 492 1397 fertur
508 1333 651 1408 dixisse,
667 1340 752 1396 tunc
766 1332 903 1396 demum
919 1351 1090 1414 quemque

141 1450 282 1496 suorum
298 1451 535 1497 successorum
551 1450 589 1494 se
607 1431 747 1512 gloriari
763 1450 866 1513 posse
881 1450 997 1513 regem
1017 1429 1090 1495 An·

141 1530 275 1612 glor-um
292 1531 376 1607 fore,
394 1551 473 1595 cum
489 1537 541 1595 tot
563 1531 703 1611 regibus
725 1531 790 1594 sibi
811 1531 1090 1612 obsequentibus,

142 1630 314 1712 potiretur
334 1650 462 1712 pompa
483 1631 606 1693 talium
623 1629 802 1694 honorum.
843 1628 1090 1694 Sumertunen-
1103 1647 1229 1698 sartham

142 1729 190 1791 sis
215 1729 398 1811 episcopus
427 1728 663 1793 Brihtbelmus
684 1728 782 1805 obiit,
808 1734 843 1793 et
864 1728 901 1792 in
922 1696 1239 1811 Wyllum²¹i¹ilifw⁰n⁸

142 1826 304 1891 humatus
321 1835 393 1901 est;
419 1828 475 1892 cui
491 1819 661 1891 successit
677 1827 969 1892 Middeltnnensis
984 1828 1092 1892 abbas
1104 1845 1232 1894 cinereus

144 1925 379 1991 Cinewardus.
838 1975 839 1978 ,
1105 1895 1213 1934 med*

194 2025 274 2089 Hoc
300 2044 391 2089 anno
417 2031 519 2088 terrae
545 2031 660 2089 motus
690 2045 753 2107 per
786 2031 897 2088 totam
927 2023 1092 2104 Angliam
1122 2040 1239 2082 anan.

144 2124 324 2189 factusest
340 2124 524 2188 maximus.
577 2124 802 2206 [Ebergerius
817 2123 1094 2205 archiepiscopus
1105 2108 1253 2208 mlh„

146 2222 359 2287 Coloniensis
375 2223 500 2286 obtulit
514 2223 550 2285 in
568 2223 813 2305 sempiternum
825 2221 955 2287 Scottis
976 2242 1094 2287 mona·
1107 2209 1243 2298 ffiifflff,

145 2321 287 2386 sterium
303 2321 421 2386 Sancti
435 2316 578 2385 Martini
592 2322 629 2384 in
644 2322 798 2397 Colonia,
823 2323 947 2403 quibus
962 2322 1093 2404 primus
1104 2308 1241 2397 ffissff‘·

146 2420 285 2503 praefuit
302 2422 409 2484 abbas
428 2421 644 2484 Minborinus
660 2421 828 2502 Scottus}
1104 2408 1231 2498 ,cffiissn

196 2518 337 2601 Anglici
353 2519 445 2584 orbis
466 2519 629 2596 basileus,
652 2520 717 2584 flos
732 2526 767 2584 et
782 2520 886 2584 decus
901 2527 1094 2585 antecesso·
1122 2533 1148 2572 Δ·
1156 2532 1183 2570 1)·
1193 2530 1239 2571 ⁹⁷⁵·

148 2639 222 2681 rum
245 2639 378 2700 regum,
400 2618 566 2700 pacificus
589 2639 651 2683 rex
673 2619 864 2700 Eadgarus,
888 2639 956 2683 non
982 2621 1096 2685 minus
1105 2597 1255 2698 biblia.

147 2718 379 2783 memorabilis
410 2716 536 2797 Anglis
573 2738 675 2800 qnam
706 2718 878 2782 Romulus
911 2718 1093 2796 Romanis,

147 2815 260 2898 Cyrus
282 2816 412 2892 Persis,
435 2815 637 2881 Alexander
662 2817 924 2895 Macedonibus,
947 2817 1097 2881 Arsaces

146 2914 299 2993 Parthis,
336 2914 490 2979 Karolus
529 2915 682 2998 Magnus
721 2916 876 2993 Francis,
913 2923 1097 2998 postquam

145 3023 271 3080 cuncta
295 3013 459 3095 regaliter
481 3016 743 3092 consummavit,
769 3035 860 3079 anuo
886 3015 1000 3080 aetatis
1023 3035 1096 3079 suae

63 3157 65 3159 >
148 3113 872 3194 xxxu⁰.,regniautemilliusinMarciaet
885 3114 1100 3197 Northhym·

147 3214 223 3276 bria
245 3219 356 3289 x1x⁰.,
379 3230 423 3275 cx
446 3230 516 3291 qno
542 3232 625 3276 vero
646 3231 708 3294 per
731 3220 840 3277 totam
855 3211 1019 3294 Angliam
1045 3233 1099 3276 re-

148 3312 269 3392 gnavit
285 3317 387 3386 xv1⁰.,
411 3308 598 3375 indictione
619 3312 734 3389 tertia,
750 3327 829 3375 vru.
852 3312 930 3375 idus
954 3311 1040 3377 Julii
1060 3312 1100 3394 [8

148 3409 251 3490 Jul.],
273 3409 359 3473 feria
381 3408 515 3490 quinta,
538 3430 583 3474 ex
606 3410 670 3474 hac
684 3412 758 3475 vita
777 3411 950 3489 transivit,
973 3410 1098 3474 filium-

148 3527 216 3589 que
231 3528 332 3572 sunm
353 3507 586 3574 Eadwardum
606 3516 641 3574 et
659 3510 757 3591 regni
777 3516 813 3574 et
832 3529 967 3574 morum
989 3509 1098 3574 haere-

147 3607 225 3670 dem
257 3607 397 3689 reliquit
410 3603 445 3671 τ’
479 3628 604 3690 corpus
634 3627 714 3675 vero
744 3609 838 3673 illius
868 3608 1098 3673 Glacstoniam

147 3706 313 3783 delatum,
328 3708 424 3788 regio
444 3726 539 3772 more
561 3715 615 3772 est
636 3705 870 3772 tumulatum.⁸
921 3707 959 3772 Is
979 3709 1098 3789 itaque
1108 3723 1138 3763 or
1145 3723 1245 3772 magua

1109 3773 1172 3812 naval
1180 3784 1228 3821 pro-

147 3805 228 3869 dnm
251 3805 385 3870 viveret
402 3810 520 3871 siano.
547 3807 707 3872 robustas
737 3808 803 3872 sibi
826 3814 1098 3889 congregaverat
1109 3823 1216 3872 cenna·

186 3997 193 4026 ¹
216 3999 344 4066 Wyllum.]
361 3999 451 4049 Wells.
476 3991 479 3995 ’
502 3999 550 4048 See
572 3998 613 4047 ‘A
638 3999 1101 4062 mcieqnytheaevdosephnun-

149 4069 217 4118 brief
225 4071 330 4130 History
340 4068 369 4118 of
376 4067 617 4129 theBishoprickos
638 4072 685 4131 ter,
696 4068 788 4119 F.S.A.
905 4064 916 4093 '
932 4068 992 4118 Sax.
1005 4068 1100 4128 chron.

150 4134 291 4202 Somerset:
302 4138 387 4188 edited
399 4137 437 4187 ior
447 4137 489 4187 the
501 4137 614 4217 camden
674 4137 684 4168 ³
701 4138 771 4188 Hist.
783 4135 886 4189 Remos.
897 4153 954 4200 cap.
967 4151 1055 4195 xxxvi.
