<?xml version="1.0" encoding="UTF-8"?>
<!DOCTYPE html PUBLIC "-//W3C//DTD XHTML 1.0 Transitional//EN"
    "http://www.w3.org/TR/xhtml1/DTD/xhtml1-transitional.dtd">
<html xmlns="http://www.w3.org/1999/xhtml" xml:lang="en" lang="en">
 <head>
  <title>
</title>
<meta http-equiv="Content-Type" content="text/html;charset=utf-8" />
  <meta name='ocr-system' content='tesseract 3.04.00' />
  <meta name='ocr-capabilities' content='ocr_page ocr_carea ocr_par ocr_line ocrx_word'/>
</head>
<body>
  <div class='ocr_page' id='page_1' title='image "./florentiiwigorn03florgoog_0197.png"; bbox 0 0 2940 4860; ppageno 0'>
   <div class='ocr_carea' id='block_1_1' title="bbox 336 390 915 455">
    <p class='ocr_par' dir='ltr' id='par_1_1' title="bbox 336 390 915 455">
     <span class='ocr_line' id='line_1_1' title="bbox 336 390 915 455; baseline -0.003 0"><span class='ocrx_word' id='word_1_1' title='bbox 336 390 403 455; x_wconf 84' lang='grc'><strong>186</strong></span> <span class='ocrx_word' id='word_1_2' title='bbox 705 405 915 453; x_wconf 76' lang='lat' dir='ltr'><strong>canonicon</strong></span> 
     </span>
    </p>
   </div>
   <div class='ocr_carea' id='block_1_2' title="bbox 174 559 1295 674">
    <p class='ocr_par' dir='ltr' id='par_1_2' title="bbox 174 559 1295 674">
     <span class='ocr_line' id='line_1_2' title="bbox 174 559 1295 674; baseline 0 -51"><span class='ocrx_word' id='word_1_3' title='bbox 174 584 243 674; x_wconf 63' lang='lat'><strong>3353</strong></span> <span class='ocrx_word' id='word_1_4' title='bbox 255 584 303 674; x_wconf 51' lang='lat' dir='ltr'><strong>pp</strong></span> <span class='ocrx_word' id='word_1_5' title='bbox 337 572 373 628; x_wconf 93' lang='lat' dir='ltr'><strong>et</strong></span> <span class='ocrx_word' id='word_1_6' title='bbox 398 563 693 646; x_wconf 88' lang='lat' dir='ltr'><strong>Norreganorum,</strong></span> <span class='ocrx_word' id='word_1_7' title='bbox 715 573 750 629; x_wconf 89' lang='lat' dir='ltr'><strong>et</strong></span> <span class='ocrx_word' id='word_1_8' title='bbox 776 564 886 646; x_wconf 88' lang='lat' dir='ltr'><strong>partis</strong></span> <span class='ocrx_word' id='word_1_9' title='bbox 914 563 1120 638; x_wconf 84' lang='lat' dir='ltr'>Suanorum,</span> <span class='ocrx_word' id='word_1_10' title='bbox 1153 559 1295 624; x_wconf 87' lang='lat' dir='ltr'><strong>AEtbel·</strong></span> 
     </span>
    </p>
   </div>
   <div class='ocr_carea' id='block_1_3' title="bbox 175 660 1400 4244">
    <p class='ocr_par' dir='ltr' id='par_1_3' title="bbox 175 660 1293 747">
     <span class='ocr_line' id='line_1_3' title="bbox 175 660 1293 747; baseline 0 -23"><span class='ocrx_word' id='word_1_11' title='bbox 175 689 254 734; x_wconf 65' lang='lat' dir='ltr'><strong>myro,</strong></span> <span class='ocrx_word' id='word_1_12' title='bbox 264 687 307 726; x_wconf 66' lang='lat' dir='ltr'><strong>ann</strong></span> <span class='ocrx_word' id='word_1_13' title='bbox 339 665 446 730; x_wconf 92' lang='lat' dir='ltr'><strong>notho</strong></span> <span class='ocrx_word' id='word_1_14' title='bbox 459 665 736 747; x_wconf 91' lang='lat' dir='ltr'><strong>metropolitano,</strong></span> <span class='ocrx_word' id='word_1_15' title='bbox 749 671 784 727; x_wconf 93' lang='lat' dir='ltr'><strong>et</strong></span> <span class='ocrx_word' id='word_1_16' title='bbox 799 662 932 728; x_wconf 87' lang='lat' dir='ltr'><strong>Alfrico</strong></span> <span class='ocrx_word' id='word_1_17' title='bbox 951 663 1161 727; x_wconf 88' lang='lat' dir='ltr'><strong>Eboracensi</strong></span> <span class='ocrx_word' id='word_1_18' title='bbox 1175 660 1293 724; x_wconf 89' lang='lat' dir='ltr'><strong>archi·</strong></span> 
     </span>
    </p>

    <p class='ocr_par' dir='ltr' id='par_1_4' title="bbox 175 736 1400 4244">
     <span class='ocr_line' id='line_1_4' title="bbox 175 736 1294 848; baseline -0.002 -22"><span class='ocrx_word' id='word_1_19' title='bbox 175 736 293 827; x_wconf 47' lang='lat' dir='ltr'><strong>iiii-‘1¹59‘</strong></span> <span class='ocrx_word' id='word_1_20' title='bbox 337 766 513 848; x_wconf 88' lang='lat' dir='ltr'><strong>episcopo,</strong></span> <span class='ocrx_word' id='word_1_21' title='bbox 530 765 757 847; x_wconf 89' lang='lat' dir='ltr'><strong>omnibusque</strong></span> <span class='ocrx_word' id='word_1_22' title='bbox 774 763 945 847; x_wconf 88' lang='lat' dir='ltr'><strong>episcopis</strong></span> <span class='ocrx_word' id='word_1_23' title='bbox 965 771 1000 827; x_wconf 89' lang='lat' dir='ltr'><strong>et</strong></span> <span class='ocrx_word' id='word_1_24' title='bbox 1021 762 1240 847; x_wconf 90' lang='lat' dir='ltr'><strong>primatibus,</strong></span> <span class='ocrx_word' id='word_1_25' title='bbox 1256 768 1294 825; x_wconf 90' lang='lat' dir='ltr'><strong>et</strong></span> 
     </span>
     <span class='ocr_line' id='line_1_5' title="bbox 339 860 1292 948; baseline -0.004 -20"><span class='ocrx_word' id='word_1_26' title='bbox 339 866 404 929; x_wconf 92' lang='lat' dir='ltr'><strong>toti</strong></span> <span class='ocrx_word' id='word_1_27' title='bbox 429 867 524 948; x_wconf 88' lang='lat' dir='ltr'><strong>genti</strong></span> <span class='ocrx_word' id='word_1_28' title='bbox 551 863 757 947; x_wconf 87' lang='lat' dir='ltr'><strong>Anglorum,</strong></span> <span class='ocrx_word' id='word_1_29' title='bbox 787 872 857 928; x_wconf 91' lang='lat' dir='ltr'><strong>tam</strong></span> <span class='ocrx_word' id='word_1_30' title='bbox 884 864 1054 928; x_wconf 90' lang='lat' dir='ltr'><strong>nobilibus</strong></span> <span class='ocrx_word' id='word_1_31' title='bbox 1082 882 1184 945; x_wconf 91' lang='lat' dir='ltr'><strong>quam</strong></span> <span class='ocrx_word' id='word_1_32' title='bbox 1216 860 1292 942; x_wconf 89' lang='lat' dir='ltr'><strong>ple·</strong></span> 
     </span>
     <span class='ocr_line' id='line_1_6' title="bbox 339 961 1293 1041; baseline -0.006 -13"><span class='ocrx_word' id='word_1_33' title='bbox 339 965 425 1041; x_wconf 91' lang='lat' dir='ltr'><strong>beis,</strong></span> <span class='ocrx_word' id='word_1_34' title='bbox 451 965 610 1028; x_wconf 89' lang='lat' dir='ltr'><strong>salutem.</strong></span> <span class='ocrx_word' id='word_1_35' title='bbox 665 963 817 1029; x_wconf 89' lang='lat' dir='ltr'><strong>Notifico</strong></span> <span class='ocrx_word' id='word_1_36' title='bbox 834 964 932 1028; x_wconf 87' lang='lat' dir='ltr'><strong>vobis</strong></span> <span class='ocrx_word' id='word_1_37' title='bbox 957 983 1011 1026; x_wconf 89' lang='lat' dir='ltr'><strong>me</strong></span> <span class='ocrx_word' id='word_1_38' title='bbox 1033 964 1169 1027; x_wconf 86' lang='lat' dir='ltr'><strong>noviter</strong></span> <span class='ocrx_word' id='word_1_39' title='bbox 1185 961 1293 1024; x_wconf 90' lang='lat' dir='ltr'><strong>ivisse</strong></span> 
     </span>
     <span class='ocr_line' id='line_1_7' title="bbox 342 1061 1292 1147; baseline -0.008 -17"><span class='ocrx_word' id='word_1_40' title='bbox 342 1065 504 1142; x_wconf 84' lang='lat' dir='ltr'><strong>Romam,</strong></span> <span class='ocrx_word' id='word_1_41' title='bbox 537 1071 672 1129; x_wconf 91' lang='lat' dir='ltr'><strong>oratum</strong></span> <span class='ocrx_word' id='word_1_42' title='bbox 707 1085 770 1147; x_wconf 94' lang='lat' dir='ltr'><strong>pro</strong></span> <span class='ocrx_word' id='word_1_43' title='bbox 794 1063 1027 1146; x_wconf 83' lang='lat' dir='ltr'><strong>redemptione</strong></span> <span class='ocrx_word' id='word_1_44' title='bbox 1054 1061 1292 1146; x_wconf 85' lang='lat' dir='ltr'><strong>peccaminum</strong></span> 
     </span>
     <span class='ocr_line' id='line_1_8' title="bbox 341 1164 1294 1247; baseline -0.004 -20"><span class='ocrx_word' id='word_1_45' title='bbox 341 1185 506 1241; x_wconf 88' lang='lat' dir='ltr'><strong>meorum,</strong></span> <span class='ocrx_word' id='word_1_46' title='bbox 535 1172 570 1228; x_wconf 91' lang='lat' dir='ltr'><strong>ct</strong></span> <span class='ocrx_word' id='word_1_47' title='bbox 598 1184 661 1247; x_wconf 92' lang='lat' dir='ltr'><strong>pro</strong></span> <span class='ocrx_word' id='word_1_48' title='bbox 688 1165 800 1228; x_wconf 91' lang='lat' dir='ltr'><strong>salute</strong></span> <span class='ocrx_word' id='word_1_49' title='bbox 829 1182 1024 1244; x_wconf 89' lang='lat' dir='ltr'><strong>regnorum,</strong></span> <span class='ocrx_word' id='word_1_50' title='bbox 1053 1164 1182 1244; x_wconf 91' lang='lat' dir='ltr'><strong>quique</strong></span> <span class='ocrx_word' id='word_1_51' title='bbox 1213 1179 1294 1224; x_wconf 84' lang='lat' dir='ltr'><strong>meo</strong></span> 
     </span>
     <span class='ocr_line' id='line_1_9' title="bbox 340 1260 1293 1348; baseline -0.006 -19"><span class='ocrx_word' id='word_1_52' title='bbox 340 1264 522 1348; x_wconf 91' lang='lat' dir='ltr'><strong>subjacent</strong></span> <span class='ocrx_word' id='word_1_53' title='bbox 552 1265 710 1346; x_wconf 88' lang='lat' dir='ltr'><strong>regimini</strong></span> <span class='ocrx_word' id='word_1_54' title='bbox 744 1264 963 1348; x_wconf 89' lang='lat' dir='ltr'><strong>populorum.</strong></span> <span class='ocrx_word' id='word_1_55' title='bbox 1016 1263 1120 1326; x_wconf 92' lang='lat' dir='ltr'><strong>Hanc</strong></span> <span class='ocrx_word' id='word_1_56' title='bbox 1151 1260 1293 1343; x_wconf 89' lang='lat' dir='ltr'><strong>quidem</strong></span> 
     </span>
     <span class='ocr_line' id='line_1_10' title="bbox 339 1361 1293 1448; baseline -0.003 -22"><span class='ocrx_word' id='word_1_57' title='bbox 339 1365 584 1448; x_wconf 86' lang='lat' dir='ltr'><strong>prosectionem</strong></span> <span class='ocrx_word' id='word_1_58' title='bbox 607 1366 683 1429; x_wconf 88' lang='lat' dir='ltr'><strong>Deo</strong></span> <span class='ocrx_word' id='word_1_59' title='bbox 702 1364 777 1448; x_wconf 89' lang='lat' dir='ltr'><strong>jam</strong></span> <span class='ocrx_word' id='word_1_60' title='bbox 797 1364 879 1428; x_wconf 92' lang='lat' dir='ltr'><strong>olim</strong></span> <span class='ocrx_word' id='word_1_61' title='bbox 901 1363 1121 1439; x_wconf 90' lang='lat' dir='ltr'><strong>devoveram,</strong></span> <span class='ocrx_word' id='word_1_62' title='bbox 1141 1361 1201 1425; x_wconf 90' lang='lat' dir='ltr'><strong>scd</strong></span> <span class='ocrx_word' id='word_1_63' title='bbox 1227 1381 1293 1442; x_wconf 86' lang='lat' dir='ltr'><strong>pro</strong></span> 
     </span>
     <span class='ocr_line' id='line_1_11' title="bbox 339 1461 1292 1547; baseline -0.003 -20"><span class='ocrx_word' id='word_1_64' title='bbox 339 1465 488 1545; x_wconf 86' lang='lat' dir='ltr'><strong>negotiis</strong></span> <span class='ocrx_word' id='word_1_65' title='bbox 527 1465 635 1546; x_wconf 89' lang='lat' dir='ltr'><strong>regni,</strong></span> <span class='ocrx_word' id='word_1_66' title='bbox 675 1472 711 1529; x_wconf 90' lang='lat' dir='ltr'><strong>et</strong></span> <span class='ocrx_word' id='word_1_67' title='bbox 753 1465 867 1528; x_wconf 89' lang='lat' dir='ltr'><strong>causis</strong></span> <span class='ocrx_word' id='word_1_68' title='bbox 907 1462 1182 1547; x_wconf 87' lang='lat' dir='ltr'><strong>impedientibus,</strong></span> <span class='ocrx_word' id='word_1_69' title='bbox 1221 1461 1292 1524; x_wconf 93' lang='lat' dir='ltr'><strong>huc</strong></span> 
     </span>
     <span class='ocr_line' id='line_1_12' title="bbox 339 1561 1294 1647; baseline -0.005 -20"><span class='ocrx_word' id='word_1_70' title='bbox 339 1584 450 1646; x_wconf 86' lang='lat' dir='ltr'><strong>usque</strong></span> <span class='ocrx_word' id='word_1_71' title='bbox 475 1564 638 1646; x_wconf 87' lang='lat' dir='ltr'><strong>perficere</strong></span> <span class='ocrx_word' id='word_1_72' title='bbox 663 1584 731 1627; x_wconf 90' lang='lat' dir='ltr'><strong>non</strong></span> <span class='ocrx_word' id='word_1_73' title='bbox 757 1570 933 1647; x_wconf 88' lang='lat' dir='ltr'><strong>poteram:</strong></span> <span class='ocrx_word' id='word_1_74' title='bbox 972 1582 1063 1626; x_wconf 91' lang='lat' dir='ltr'><strong>nunc</strong></span> <span class='ocrx_word' id='word_1_75' title='bbox 1085 1570 1202 1626; x_wconf 88' lang='lat' dir='ltr'><strong>autern</strong></span> <span class='ocrx_word' id='word_1_76' title='bbox 1224 1561 1294 1643; x_wconf 79' lang='lat' dir='ltr'><strong>ipsi</strong></span> 
     </span>
     <span class='ocr_line' id='line_1_13' title="bbox 340 1662 1293 1747; baseline -0.003 -20"><span class='ocrx_word' id='word_1_77' title='bbox 340 1664 418 1728; x_wconf 93' lang='lat' dir='ltr'><strong>Deo</strong></span> <span class='ocrx_word' id='word_1_78' title='bbox 452 1683 528 1728; x_wconf 92' lang='lat' dir='ltr'><strong>meo</strong></span> <span class='ocrx_word' id='word_1_79' title='bbox 563 1663 800 1747; x_wconf 90' lang='lat' dir='ltr'><strong>Omnipotenti</strong></span> <span class='ocrx_word' id='word_1_80' title='bbox 822 1663 923 1727; x_wconf 89' lang='lat' dir='ltr'><strong>valde</strong></span> <span class='ocrx_word' id='word_1_81' title='bbox 953 1662 1128 1727; x_wconf 90' lang='lat' dir='ltr'><strong>humiliter</strong></span> <span class='ocrx_word' id='word_1_82' title='bbox 1159 1662 1293 1743; x_wconf 82' lang='lat' dir='ltr'><strong>gratias</strong></span> 
     </span>
     <span class='ocr_line' id='line_1_14' title="bbox 340 1763 1293 1847; baseline -0.005 -19"><span class='ocrx_word' id='word_1_83' title='bbox 340 1783 422 1846; x_wconf 87' lang='lat' dir='ltr'><strong>ago,</strong></span> <span class='ocrx_word' id='word_1_84' title='bbox 455 1764 515 1847; x_wconf 93' lang='lat' dir='ltr'><strong>qui</strong></span> <span class='ocrx_word' id='word_1_85' title='bbox 548 1763 632 1827; x_wconf 91' lang='lat' dir='ltr'><strong>mihi</strong></span> <span class='ocrx_word' id='word_1_86' title='bbox 661 1764 833 1828; x_wconf 87' lang='lat' dir='ltr'><strong>concessit</strong></span> <span class='ocrx_word' id='word_1_87' title='bbox 863 1764 899 1826; x_wconf 92' lang='lat' dir='ltr'><strong>in</strong></span> <span class='ocrx_word' id='word_1_88' title='bbox 937 1764 1010 1828; x_wconf 86' lang='lat' dir='ltr'><strong>vita</strong></span> <span class='ocrx_word' id='word_1_89' title='bbox 1043 1782 1121 1826; x_wconf 88' lang='lat' dir='ltr'><strong>mea</strong></span> <span class='ocrx_word' id='word_1_90' title='bbox 1151 1768 1293 1825; x_wconf 90' lang='lat' dir='ltr'><strong>sanctos</strong></span> 
     </span>
     <span class='ocr_line' id='line_1_15' title="bbox 341 1862 1293 1947; baseline -0.005 -18"><span class='ocrx_word' id='word_1_91' title='bbox 341 1863 533 1947; x_wconf 89' lang='lat' dir='ltr'><strong>Apostolos</strong></span> <span class='ocrx_word' id='word_1_92' title='bbox 564 1883 658 1942; x_wconf 92' lang='lat' dir='ltr'><strong>suos,</strong></span> <span class='ocrx_word' id='word_1_93' title='bbox 690 1863 834 1928; x_wconf 90' lang='lat' dir='ltr'><strong>Petrum</strong></span> <span class='ocrx_word' id='word_1_94' title='bbox 865 1870 900 1928; x_wconf 89' lang='lat' dir='ltr'><strong>et</strong></span> <span class='ocrx_word' id='word_1_95' title='bbox 931 1862 1092 1939; x_wconf 89' lang='lat' dir='ltr'><strong>Paulum,</strong></span> <span class='ocrx_word' id='word_1_96' title='bbox 1124 1869 1159 1925; x_wconf 96' lang='lat' dir='ltr'><strong>et</strong></span> <span class='ocrx_word' id='word_1_97' title='bbox 1190 1880 1293 1925; x_wconf 86' lang='lat' dir='ltr'><strong>omne</strong></span> 
     </span>
     <span class='ocr_line' id='line_1_16' title="bbox 342 1963 1295 2047; baseline -0.004 -19"><span class='ocrx_word' id='word_1_98' title='bbox 342 1966 589 2042; x_wconf 90' lang='lat' dir='ltr'><strong>sanctuarium,</strong></span> <span class='ocrx_word' id='word_1_99' title='bbox 604 1964 697 2047; x_wconf 93' lang='lat' dir='ltr'><strong>quod</strong></span> <span class='ocrx_word' id='word_1_100' title='bbox 714 1965 805 2028; x_wconf 90' lang='lat' dir='ltr'><strong>intra</strong></span> <span class='ocrx_word' id='word_1_101' title='bbox 823 1965 940 2028; x_wconf 92' lang='lat' dir='ltr'><strong>urbem</strong></span> <span class='ocrx_word' id='word_1_102' title='bbox 955 1963 1104 2028; x_wconf 90' lang='lat' dir='ltr'><strong>Romam</strong></span> <span class='ocrx_word' id='word_1_103' title='bbox 1119 1968 1180 2026; x_wconf 89' lang='lat' dir='ltr'><strong>aut</strong></span> <span class='ocrx_word' id='word_1_104' title='bbox 1192 1968 1295 2024; x_wconf 85' lang='lat' dir='ltr'><strong>extra</strong></span> 
     </span>
     <span class='ocr_line' id='line_1_17' title="bbox 343 2061 1292 2147; baseline -0.003 -19"><span class='ocrx_word' id='word_1_105' title='bbox 343 2065 519 2129; x_wconf 87' lang='lat' dir='ltr'><strong>addiscere</strong></span> <span class='ocrx_word' id='word_1_106' title='bbox 545 2066 655 2147; x_wconf 89' lang='lat' dir='ltr'><strong>potui,</strong></span> <span class='ocrx_word' id='word_1_107' title='bbox 683 2072 858 2147; x_wconf 85' lang='lat' dir='ltr'><strong>expetere,</strong></span> <span class='ocrx_word' id='word_1_108' title='bbox 883 2071 919 2127; x_wconf 91' lang='lat' dir='ltr'><strong>et</strong></span> <span class='ocrx_word' id='word_1_109' title='bbox 941 2063 1127 2127; x_wconf 89' lang='lat' dir='ltr'><strong>secundum</strong></span> <span class='ocrx_word' id='word_1_110' title='bbox 1156 2061 1292 2125; x_wconf 92' lang='lat' dir='ltr'><strong>deside·</strong></span> 
     </span>
     <span class='ocr_line' id='line_1_18' title="bbox 342 2161 1292 2248; baseline -0.005 -20"><span class='ocrx_word' id='word_1_111' title='bbox 342 2166 431 2229; x_wconf 91' lang='lat' dir='ltr'><strong>rium</strong></span> <span class='ocrx_word' id='word_1_112' title='bbox 462 2186 575 2229; x_wconf 88' lang='lat' dir='ltr'><strong>meum</strong></span> <span class='ocrx_word' id='word_1_113' title='bbox 600 2164 865 2248; x_wconf 76' lang='lat' dir='ltr'><strong>praesentialiter</strong></span> <span class='ocrx_word' id='word_1_114' title='bbox 892 2164 1047 2228; x_wconf 87' lang='lat' dir='ltr'><strong>venerari</strong></span> <span class='ocrx_word' id='word_1_115' title='bbox 1073 2171 1109 2227; x_wconf 91' lang='lat' dir='ltr'><strong>et</strong></span> <span class='ocrx_word' id='word_1_116' title='bbox 1136 2161 1292 2225; x_wconf 90' lang='lat' dir='ltr'><strong>adorare.</strong></span> 
     </span>
     <span class='ocr_line' id='line_1_19' title="bbox 344 2263 1292 2347; baseline -0.004 -19"><span class='ocrx_word' id='word_1_117' title='bbox 344 2265 399 2329; x_wconf 90' lang='lat' dir='ltr'><strong>Ob</strong></span> <span class='ocrx_word' id='word_1_118' title='bbox 417 2265 451 2329; x_wconf 93' lang='lat' dir='ltr'><strong>id</strong></span> <span class='ocrx_word' id='word_1_119' title='bbox 469 2285 551 2347; x_wconf 89' lang='lat' dir='ltr'><strong>ergo</strong></span> <span class='ocrx_word' id='word_1_120' title='bbox 568 2267 719 2329; x_wconf 83' lang='lat' dir='ltr'><strong>maxime</strong></span> <span class='ocrx_word' id='word_1_121' title='bbox 739 2264 804 2328; x_wconf 93' lang='lat' dir='ltr'><strong>boc</strong></span> <span class='ocrx_word' id='word_1_122' title='bbox 821 2264 972 2347; x_wconf 88' lang='lat' dir='ltr'><strong>patravi,</strong></span> <span class='ocrx_word' id='word_1_123' title='bbox 987 2264 1070 2346; x_wconf 88' lang='lat' dir='ltr'><strong>quia</strong></span> <span class='ocrx_word' id='word_1_124' title='bbox 1087 2283 1108 2326; x_wconf 94' lang='lat' dir='ltr'><strong>a</strong></span> <span class='ocrx_word' id='word_1_125' title='bbox 1125 2263 1292 2344; x_wconf 90' lang='lat' dir='ltr'><strong>sapienti-</strong></span> 
     </span>
     <span class='ocr_line' id='line_1_20' title="bbox 343 2363 1292 2447; baseline -0.004 -19"><span class='ocrx_word' id='word_1_126' title='bbox 343 2366 407 2429; x_wconf 90' lang='lat' dir='ltr'><strong>bus</strong></span> <span class='ocrx_word' id='word_1_127' title='bbox 424 2366 538 2443; x_wconf 93' lang='lat' dir='ltr'><strong>didici‚</strong></span> <span class='ocrx_word' id='word_1_128' title='bbox 555 2365 721 2430; x_wconf 88' lang='lat' dir='ltr'><strong>Sanctum</strong></span> <span class='ocrx_word' id='word_1_129' title='bbox 743 2363 885 2429; x_wconf 89' lang='lat' dir='ltr'><strong>Petrum</strong></span> <span class='ocrx_word' id='word_1_130' title='bbox 904 2363 1113 2447; x_wconf 84' lang='lat' dir='ltr'><strong>Apostolum</strong></span> <span class='ocrx_word' id='word_1_131' title='bbox 1130 2382 1292 2444; x_wconf 90' lang='lat' dir='ltr'><strong>magnam</strong></span> 
     </span>
     <span class='ocr_line' id='line_1_21' title="bbox 343 2463 1295 2548; baseline -0.003 -19"><span class='ocrx_word' id='word_1_132' title='bbox 343 2473 551 2548; x_wconf 89' lang='lat' dir='ltr'><strong>potestatem</strong></span> <span class='ocrx_word' id='word_1_133' title='bbox 584 2486 605 2529; x_wconf 94' lang='lat' dir='ltr'><strong>a</strong></span> <span class='ocrx_word' id='word_1_134' title='bbox 636 2465 786 2529; x_wconf 90' lang='lat' dir='ltr'><strong>Domino</strong></span> <span class='ocrx_word' id='word_1_135' title='bbox 821 2465 995 2548; x_wconf 86' lang='lat' dir='ltr'><strong>accepisse</strong></span> <span class='ocrx_word' id='word_1_136' title='bbox 1025 2463 1155 2546; x_wconf 91' lang='lat' dir='ltr'><strong>ligandi</strong></span> <span class='ocrx_word' id='word_1_137' title='bbox 1189 2469 1295 2544; x_wconf 90' lang='lat' dir='ltr'><strong>atque</strong></span> 
     </span>
     <span class='ocr_line' id='line_1_22' title="bbox 344 2563 1296 2647; baseline -0.001 -19"><span class='ocrx_word' id='word_1_138' title='bbox 344 2565 514 2641; x_wconf 89' lang='lat' dir='ltr'><strong>solvendi,</strong></span> <span class='ocrx_word' id='word_1_139' title='bbox 540 2565 819 2647; x_wconf 83' lang='lat' dir='ltr'><strong>clavigerumque</strong></span> <span class='ocrx_word' id='word_1_140' title='bbox 845 2583 920 2628; x_wconf 87' lang='lat' dir='ltr'><strong>esse</strong></span> <span class='ocrx_word' id='word_1_141' title='bbox 946 2564 1097 2628; x_wconf 83' lang='lat' dir='ltr'><strong>coelestis</strong></span> <span class='ocrx_word' id='word_1_142' title='bbox 1123 2563 1230 2644; x_wconf 89' lang='lat' dir='ltr'><strong>regni,</strong></span> <span class='ocrx_word' id='word_1_143' title='bbox 1260 2570 1296 2627; x_wconf 89' lang='lat' dir='ltr'><strong>et</strong></span> 
     </span>
     <span class='ocr_line' id='line_1_23' title="bbox 344 2663 1293 2748; baseline -0.002 -22"><span class='ocrx_word' id='word_1_144' title='bbox 344 2664 421 2727; x_wconf 88' lang='lat' dir='ltr'><strong>ideo</strong></span> <span class='ocrx_word' id='word_1_145' title='bbox 441 2664 625 2746; x_wconf 86' lang='lat' dir='ltr'><strong>specialius</strong></span> <span class='ocrx_word' id='word_1_146' title='bbox 647 2664 722 2748; x_wconf 88' lang='lat' dir='ltr'><strong>ejus</strong></span> <span class='ocrx_word' id='word_1_147' title='bbox 745 2665 973 2747; x_wconf 89' lang='lat' dir='ltr'><strong>patrocinium</strong></span> <span class='ocrx_word' id='word_1_148' title='bbox 992 2663 1084 2747; x_wconf 91' lang='lat' dir='ltr'><strong>apud</strong></span> <span class='ocrx_word' id='word_1_149' title='bbox 1105 2664 1293 2728; x_wconf 92' lang='lat' dir='ltr'><strong>Dominum</strong></span> 
     </span>
     <span class='ocr_line' id='line_1_24' title="bbox 346 2763 1294 2847; baseline -0.002 -21"><span class='ocrx_word' id='word_1_150' title='bbox 346 2763 529 2844; x_wconf 87' lang='lat' dir='ltr'><strong>diligenter</strong></span> <span class='ocrx_word' id='word_1_151' title='bbox 548 2773 711 2847; x_wconf 88' lang='lat' dir='ltr'><strong>expetere</strong></span> <span class='ocrx_word' id='word_1_152' title='bbox 731 2765 832 2829; x_wconf 91' lang='lat' dir='ltr'><strong>valde</strong></span> <span class='ocrx_word' id='word_1_153' title='bbox 853 2765 937 2829; x_wconf 89' lang='lat' dir='ltr'><strong>utile</strong></span> <span class='ocrx_word' id='word_1_154' title='bbox 959 2764 1054 2827; x_wconf 84' lang='lat' dir='ltr'><strong>duxi.</strong></span> <span class='ocrx_word' id='word_1_155' title='bbox 1105 2763 1159 2827; x_wconf 91' lang='lat' dir='ltr'><strong>Sit</strong></span> <span class='ocrx_word' id='word_1_156' title='bbox 1177 2770 1294 2827; x_wconf 86' lang='lat' dir='ltr'><strong>autem</strong></span> 
     </span>
     <span class='ocr_line' id='line_1_25' title="bbox 348 2863 1296 2947; baseline -0.002 -20"><span class='ocrx_word' id='word_1_157' title='bbox 348 2864 444 2927; x_wconf 87' lang='lat' dir='ltr'><strong>vobis</strong></span> <span class='ocrx_word' id='word_1_158' title='bbox 466 2871 598 2940; x_wconf 90' lang='lat' dir='ltr'><strong>uotum,</strong></span> <span class='ocrx_word' id='word_1_159' title='bbox 625 2865 708 2947; x_wconf 92' lang='lat' dir='ltr'><strong>quia</strong></span> <span class='ocrx_word' id='word_1_160' title='bbox 729 2884 857 2946; x_wconf 89' lang='lat' dir='ltr'><strong>magna</strong></span> <span class='ocrx_word' id='word_1_161' title='bbox 879 2864 1103 2946; x_wconf 86' lang='lat' dir='ltr'><strong>congregatio</strong></span> <span class='ocrx_word' id='word_1_162' title='bbox 1129 2863 1296 2927; x_wconf 93' lang='lat' dir='ltr'><strong>nobilium</strong></span> 
     </span>
     <span class='ocr_line' id='line_1_26' title="bbox 346 2962 1297 3045; baseline 0.001 -20"><span class='ocrx_word' id='word_1_163' title='bbox 346 2965 380 3026; x_wconf 90' lang='lat' dir='ltr'><strong>in</strong></span> <span class='ocrx_word' id='word_1_164' title='bbox 395 2962 472 3045; x_wconf 90' lang='lat' dir='ltr'><strong>ipsa</strong></span> <span class='ocrx_word' id='word_1_165' title='bbox 490 2962 651 3027; x_wconf 93' lang='lat' dir='ltr'><strong>Pascbali</strong></span> <span class='ocrx_word' id='word_1_166' title='bbox 666 2964 882 3028; x_wconf 90' lang='lat' dir='ltr'><strong>solemnitate</strong></span> <span class='ocrx_word' id='word_1_167' title='bbox 897 2965 943 3028; x_wconf 94' lang='lat' dir='ltr'><strong>ibi</strong></span> <span class='ocrx_word' id='word_1_168' title='bbox 958 2984 1034 3027; x_wconf 93' lang='lat' dir='ltr'><strong>cum</strong></span> <span class='ocrx_word' id='word_1_169' title='bbox 1050 2964 1186 3028; x_wconf 92' lang='lat' dir='ltr'><strong>domino</strong></span> <span class='ocrx_word' id='word_1_170' title='bbox 1202 2982 1297 3045; x_wconf 95' lang='lat' dir='ltr'><strong>papa</strong></span> 
     </span>
     <span class='ocr_line' id='line_1_27' title="bbox 347 3061 1298 3146; baseline 0 -19"><span class='ocrx_word' id='word_1_171' title='bbox 347 3061 509 3127; x_wconf 88' lang='lat' dir='ltr'><strong>Johanne</strong></span> <span class='ocrx_word' id='word_1_172' title='bbox 534 3070 570 3126; x_wconf 89' lang='lat' dir='ltr'><strong>et</strong></span> <span class='ocrx_word' id='word_1_173' title='bbox 600 3064 807 3146; x_wconf 79' lang='lat' dir='ltr'><strong>imperatore</strong></span> <span class='ocrx_word' id='word_1_174' title='bbox 837 3063 1021 3129; x_wconf 89' lang='lat' dir='ltr'><strong>Cuonrado</strong></span> <span class='ocrx_word' id='word_1_175' title='bbox 1051 3071 1135 3139; x_wconf 87' lang='lat' dir='ltr'><strong>erat,</strong></span> <span class='ocrx_word' id='word_1_176' title='bbox 1164 3064 1298 3127; x_wconf 89' lang='lat' dir='ltr'><strong>scilicet</strong></span> 
     </span>
     <span class='ocr_line' id='line_1_28' title="bbox 347 3163 1296 3247; baseline -0.004 -19"><span class='ocrx_word' id='word_1_177' title='bbox 347 3183 465 3228; x_wconf 90' lang='lat' dir='ltr'><strong>omnes</strong></span> <span class='ocrx_word' id='word_1_178' title='bbox 478 3164 650 3247; x_wconf 87' lang='lat' dir='ltr'><strong>principes</strong></span> <span class='ocrx_word' id='word_1_179' title='bbox 665 3165 819 3246; x_wconf 86' lang='lat' dir='ltr'><strong>gentium</strong></span> <span class='ocrx_word' id='word_1_180' title='bbox 832 3184 854 3227; x_wconf 93' lang='lat' dir='ltr'><strong>a</strong></span> <span class='ocrx_word' id='word_1_181' title='bbox 870 3171 987 3228; x_wconf 87' lang='lat' dir='ltr'><strong>monte</strong></span> <span class='ocrx_word' id='word_1_182' title='bbox 1002 3163 1169 3244; x_wconf 86' lang='lat' dir='ltr'><strong>Gargano</strong></span> <span class='ocrx_word' id='word_1_183' title='bbox 1185 3182 1296 3245; x_wconf 90' lang='lat' dir='ltr'><strong>usque</strong></span> 
     </span>
     <span class='ocr_line' id='line_1_29' title="bbox 348 3262 1297 3346; baseline -0.001 -19"><span class='ocrx_word' id='word_1_184' title='bbox 348 3263 391 3327; x_wconf 91' lang='lat' dir='ltr'><strong>ad</strong></span> <span class='ocrx_word' id='word_1_185' title='bbox 414 3263 507 3327; x_wconf 92' lang='lat' dir='ltr'><strong>istud</strong></span> <span class='ocrx_word' id='word_1_186' title='bbox 528 3266 723 3346; x_wconf 88' lang='lat' dir='ltr'><strong>proximum</strong></span> <span class='ocrx_word' id='word_1_187' title='bbox 741 3284 847 3341; x_wconf 89' lang='lat' dir='ltr'><strong>mare,</strong></span> <span class='ocrx_word' id='word_1_188' title='bbox 865 3264 925 3346; x_wconf 93' lang='lat' dir='ltr'><strong>qui</strong></span> <span class='ocrx_word' id='word_1_189' title='bbox 951 3284 1070 3327; x_wconf 91' lang='lat' dir='ltr'><strong>omues</strong></span> <span class='ocrx_word' id='word_1_190' title='bbox 1095 3270 1207 3328; x_wconf 88' lang='lat' dir='ltr'><strong>meet</strong></span> <span class='ocrx_word' id='word_1_191' title='bbox 1233 3262 1297 3326; x_wconf 91' lang='lat' dir='ltr'><strong>ho·</strong></span> 
     </span>
     <span class='ocr_line' id='line_1_30' title="bbox 348 3362 1296 3446; baseline 0 -19"><span class='ocrx_word' id='word_1_192' title='bbox 348 3363 488 3427; x_wconf 91' lang='lat' dir='ltr'><strong>norifice</strong></span> <span class='ocrx_word' id='word_1_193' title='bbox 507 3383 700 3446; x_wconf 85' lang='lat' dir='ltr'><strong>suscepere,</strong></span> <span class='ocrx_word' id='word_1_194' title='bbox 716 3371 751 3428; x_wconf 91' lang='lat' dir='ltr'><strong>et</strong></span> <span class='ocrx_word' id='word_1_195' title='bbox 768 3364 866 3427; x_wconf 92' lang='lat' dir='ltr'><strong>donis</strong></span> <span class='ocrx_word' id='word_1_196' title='bbox 884 3363 1045 3446; x_wconf 90' lang='lat' dir='ltr'><strong>pretiosis</strong></span> <span class='ocrx_word' id='word_1_197' title='bbox 1063 3362 1296 3427; x_wconf 87' lang='lat' dir='ltr'><strong>honoravere:</strong></span> 
     </span>
     <span class='ocr_line' id='line_1_31' title="bbox 348 3463 1299 3547; baseline 0 -20"><span class='ocrx_word' id='word_1_198' title='bbox 348 3464 499 3527; x_wconf 87' lang='lat' dir='ltr'><strong>maxime</strong></span> <span class='ocrx_word' id='word_1_199' title='bbox 530 3471 643 3526; x_wconf 91' lang='lat' dir='ltr'><strong>autem</strong></span> <span class='ocrx_word' id='word_1_200' title='bbox 676 3465 720 3528; x_wconf 94' lang='lat' dir='ltr'><strong>ab</strong></span> <span class='ocrx_word' id='word_1_201' title='bbox 750 3464 956 3547; x_wconf 86' lang='lat' dir='ltr'><strong>imperatore</strong></span> <span class='ocrx_word' id='word_1_202' title='bbox 983 3463 1082 3526; x_wconf 89' lang='lat' dir='ltr'><strong>donis</strong></span> <span class='ocrx_word' id='word_1_203' title='bbox 1116 3464 1233 3539; x_wconf 77' lang='lat' dir='ltr'><strong>variiS,</strong></span> <span class='ocrx_word' id='word_1_204' title='bbox 1261 3472 1299 3527; x_wconf 89' lang='lat' dir='ltr'><strong>et</strong></span> 
     </span>
     <span class='ocr_line' id='line_1_32' title="bbox 348 3563 1297 3646; baseline 0 -20"><span class='ocrx_word' id='word_1_205' title='bbox 348 3564 546 3627; x_wconf 89' lang='lat' dir='ltr'><strong>muneribus</strong></span> <span class='ocrx_word' id='word_1_206' title='bbox 566 3564 726 3646; x_wconf 90' lang='lat' dir='ltr'><strong>pretiosis</strong></span> <span class='ocrx_word' id='word_1_207' title='bbox 751 3564 938 3628; x_wconf 89' lang='lat' dir='ltr'><strong>honoratus</strong></span> <span class='ocrx_word' id='word_1_208' title='bbox 958 3583 1047 3641; x_wconf 93' lang='lat' dir='ltr'><strong>sum,</strong></span> <span class='ocrx_word' id='word_1_209' title='bbox 1063 3563 1183 3626; x_wconf 88' lang='lat' dir='ltr'><strong>tamin</strong></span> <span class='ocrx_word' id='word_1_210' title='bbox 1203 3563 1297 3626; x_wconf 88' lang='lat' dir='ltr'><strong>vasis</strong></span> 
     </span>
     <span class='ocr_line' id='line_1_33' title="bbox 349 3663 1299 3746; baseline 0.001 -21"><span class='ocrx_word' id='word_1_211' title='bbox 349 3663 462 3726; x_wconf 88' lang='lat' dir='ltr'><strong>aureis</strong></span> <span class='ocrx_word' id='word_1_212' title='bbox 488 3670 523 3726; x_wconf 90' lang='lat' dir='ltr'><strong>et</strong></span> <span class='ocrx_word' id='word_1_213' title='bbox 550 3665 735 3744; x_wconf 86' lang='lat' dir='ltr'><strong>argenteis,</strong></span> <span class='ocrx_word' id='word_1_214' title='bbox 762 3684 864 3746; x_wconf 91' lang='lat' dir='ltr'><strong>quam</strong></span> <span class='ocrx_word' id='word_1_215' title='bbox 893 3665 928 3727; x_wconf 93' lang='lat' dir='ltr'><strong>in</strong></span> <span class='ocrx_word' id='word_1_216' title='bbox 956 3663 1069 3746; x_wconf 91' lang='lat' dir='ltr'><strong>palliis</strong></span> <span class='ocrx_word' id='word_1_217' title='bbox 1093 3670 1127 3727; x_wconf 90' lang='lat' dir='ltr'><strong>et</strong></span> <span class='ocrx_word' id='word_1_218' title='bbox 1145 3664 1299 3727; x_wconf 88' lang='lat' dir='ltr'><strong>vestibus</strong></span> 
     </span>
     <span class='ocr_line' id='line_1_34' title="bbox 348 3762 1298 3845; baseline 0.001 -20"><span class='ocrx_word' id='word_1_219' title='bbox 348 3763 451 3825; x_wconf 88' lang='lat' dir='ltr'><strong>valde</strong></span> <span class='ocrx_word' id='word_1_220' title='bbox 477 3763 647 3845; x_wconf 89' lang='lat' dir='ltr'><strong>pretiosis.</strong></span> <span class='ocrx_word' id='word_1_221' title='bbox 701 3762 854 3826; x_wconf 92' lang='lat' dir='ltr'><strong>Locutus</strong></span> <span class='ocrx_word' id='word_1_222' title='bbox 882 3782 958 3827; x_wconf 92' lang='lat' dir='ltr'><strong>sum</strong></span> <span class='ocrx_word' id='word_1_223' title='bbox 984 3763 1091 3844; x_wconf 89' lang='lat' dir='ltr'><strong>igitur</strong></span> <span class='ocrx_word' id='word_1_224' title='bbox 1114 3782 1192 3827; x_wconf 94' lang='lat' dir='ltr'><strong>cum</strong></span> <span class='ocrx_word' id='word_1_225' title='bbox 1220 3764 1298 3844; x_wconf 92' lang='lat' dir='ltr'><strong>ipso</strong></span> 
     </span>
     <span class='ocr_line' id='line_1_35' title="bbox 349 3862 1299 3947; baseline 0.001 -23"><span class='ocrx_word' id='word_1_226' title='bbox 349 3862 566 3945; x_wconf 88' lang='lat' dir='ltr'><strong>imperatore,</strong></span> <span class='ocrx_word' id='word_1_227' title='bbox 591 3870 625 3925; x_wconf 91' lang='lat' dir='ltr'><strong>et</strong></span> <span class='ocrx_word' id='word_1_228' title='bbox 649 3862 786 3925; x_wconf 91' lang='lat' dir='ltr'><strong>domino</strong></span> <span class='ocrx_word' id='word_1_229' title='bbox 811 3881 914 3944; x_wconf 89' lang='lat' dir='ltr'><strong>papa,</strong></span> <span class='ocrx_word' id='word_1_230' title='bbox 941 3870 974 3926; x_wconf 93' lang='lat' dir='ltr'><strong>et</strong></span> <span class='ocrx_word' id='word_1_231' title='bbox 999 3863 1210 3947; x_wconf 90' lang='lat' dir='ltr'><strong>principibus</strong></span> <span class='ocrx_word' id='word_1_232' title='bbox 1239 3862 1299 3945; x_wconf 91' lang='lat' dir='ltr'><strong>qui</strong></span> 
     </span>
     <span class='ocr_line' id='line_1_36' title="bbox 349 3961 1400 4044; baseline -0.001 -20"><span class='ocrx_word' id='word_1_233' title='bbox 349 3961 397 4024; x_wconf 90' lang='lat' dir='ltr'><strong>ibi</strong></span> <span class='ocrx_word' id='word_1_234' title='bbox 420 3969 530 4038; x_wconf 92' lang='lat' dir='ltr'><strong>erant,</strong></span> <span class='ocrx_word' id='word_1_235' title='bbox 548 3963 590 4024; x_wconf 90' lang='lat' dir='ltr'><strong>de</strong></span> <span class='ocrx_word' id='word_1_236' title='bbox 608 3961 870 4025; x_wconf 89' lang='lat' dir='ltr'><strong>necessitatibus</strong></span> <span class='ocrx_word' id='word_1_237' title='bbox 888 3963 993 4024; x_wconf 91' lang='lat' dir='ltr'><strong>totius</strong></span> <span class='ocrx_word' id='word_1_238' title='bbox 1011 3963 1130 4044; x_wconf 91' lang='lat' dir='ltr'><strong>populi</strong></span> <span class='ocrx_word' id='word_1_239' title='bbox 1146 3963 1298 4025; x_wconf 86' lang='lat' dir='ltr'><strong>universi</strong></span> <span class='ocrx_word' id='word_1_240' title='bbox 1398 4018 1400 4023; x_wconf 90' lang='lat'><em>.</em></span> 
     </span>
     <span class='ocr_line' id='line_1_37' title="bbox 349 4059 1299 4142; baseline 0.004 -20"><span class='ocrx_word' id='word_1_241' title='bbox 349 4061 445 4141; x_wconf 86' lang='lat' dir='ltr'><strong>regni</strong></span> <span class='ocrx_word' id='word_1_242' title='bbox 474 4062 552 4136; x_wconf 90' lang='lat' dir='ltr'><strong>mei,</strong></span> <span class='ocrx_word' id='word_1_243' title='bbox 578 4068 647 4124; x_wconf 90' lang='lat' dir='ltr'><strong>tam</strong></span> <span class='ocrx_word' id='word_1_244' title='bbox 677 4059 869 4141; x_wconf 88' lang='lat' dir='ltr'><strong>Anglorum</strong></span> <span class='ocrx_word' id='word_1_245' title='bbox 898 4081 1002 4142; x_wconf 87' lang='lat' dir='ltr'><strong>quarn</strong></span> <span class='ocrx_word' id='word_1_246' title='bbox 1036 4064 1228 4139; x_wconf 89' lang='lat' dir='ltr'><strong>Danorum‚</strong></span> <span class='ocrx_word' id='word_1_247' title='bbox 1259 4070 1299 4126; x_wconf 92' lang='lat' dir='ltr'><strong>ut</strong></span> 
     </span>
     <span class='ocr_line' id='line_1_38' title="bbox 350 4161 1299 4244; baseline 0.003 -21"><span class='ocrx_word' id='word_1_248' title='bbox 350 4161 400 4224; x_wconf 91' lang='lat' dir='ltr'><strong>eis</strong></span> <span class='ocrx_word' id='word_1_249' title='bbox 424 4161 667 4224; x_wconf 91' lang='lat' dir='ltr'><strong>concodorotur</strong></span> <span class='ocrx_word' id='word_1_250' title='bbox 692 4161 750 4223; x_wconf 84' lang='lat' dir='ltr'><strong>lex</strong></span> <span class='ocrx_word' id='word_1_251' title='bbox 780 4161 912 4242; x_wconf 89' lang='lat' dir='ltr'><strong>aequior</strong></span> <span class='ocrx_word' id='word_1_252' title='bbox 928 4169 963 4224; x_wconf 90' lang='lat' dir='ltr'><strong>ot</strong></span> <span class='ocrx_word' id='word_1_253' title='bbox 989 4183 1059 4244; x_wconf 84' lang='lat' dir='ltr'><strong>pax</strong></span> <span class='ocrx_word' id='word_1_254' title='bbox 1087 4163 1240 4227; x_wconf 85' lang='lat' dir='ltr'><strong>securior</strong></span> <span class='ocrx_word' id='word_1_255' title='bbox 1264 4163 1299 4226; x_wconf 92' lang='lat' dir='ltr'><strong>in</strong></span> 
     </span>
    </p>
   </div>
   <div class='ocr_carea' id='block_1_4' title="bbox 0 0 1490 4860">
    <p class='ocr_par' dir='ltr' id='par_1_5' title="bbox 0 0 1490 4860">
     <span class='ocr_line' id='line_1_39' title="bbox 0 0 1490 4860; baseline 0 0"><span class='ocrx_word' id='word_1_256' title='bbox 0 0 1490 4860; x_wconf 95' lang='lat' dir='ltr'><strong> </strong></span> 
     </span>
    </p>
   </div>
  </div>
 </body>
</html>
