2940 4860
418 392 610 440 snounnru
636 393 919 443 wroorrurnusrs.
1107 381 1161 446 5:3¹

244 545 394 631 Eclipsis
414 549 509 616 facta
526 558 579 616 est
605 551 688 616 solis
708 550 903 616 xv111.kal.
927 551 1150 635 Septembris,
1174 575 1202 614 ιι.
1212 574 1239 614 ιι.
1250 573 1295 614 ιιι.

192 646 285 711 circa
300 647 422 714 horam
436 651 503 716 diei
525 653 674 730 tertiam,
698 652 748 716 ita
765 659 805 717 ut
827 672 925 735 paene
941 660 1035 717 totus
1058 655 1150 719 orbis
1161 641 1283 731 ffliff

190 747 275 811 solis
300 751 400 832 quasi
423 753 608 836 nigerrimo
633 760 667 818 et
692 752 864 818 horrendo
889 754 959 818 situ
976 754 1150 820 videretur

190 867 267 912 esse
281 852 489 933 coopertus.¹
541 853 835 937 Hagustaldensis
851 855 1034 939 episcopus
1053 855 1149 921 Acca
1160 882 1278 932 ιιηιιιιιιιι
1289 883 1315 923 ιι

189 951 381 1031 praesulatu
397 950 518 1036 pulsus
533 952 612 1020 est.²
1159 933 1290 1024 ilidii

243 1049 344 1116 Luna
360 1055 547 1137 sanguineo
570 1056 694 1120 rubore
711 1054 851 1138 perfusa
874 1055 974 1138 quasi
990 1054 1077 1121 hora
1098 1056 1149 1120 in·
1177 1074 1290 1116 unam

191 1157 303 1234 tegra,
322 1171 360 1219 11.
377 1154 447 1220 kal.
464 1156 644 1221 Februarii
661 1157 718 1238 [31
733 1156 757 1220 J
760 1157 846 1238 an.]‚
867 1157 960 1220 circa
981 1155 1147 1238 gallican-
1158 1140 1310 1242 milui,

191 1257 278 1331 tum,
292 1255 426 1335 dehinc,
437 1257 614 1340 nigredine
629 1260 872 1340 subsequente,
885 1257 929 1321 ad
945 1256 1057 1321 lucem
1068 1277 1148 1340 pro·
1159 1253 1230 1283 '‘¹⁰⁰¹''

190 1353 301 1434 priam
329 1356 404 1421 visa
425 1365 479 1423 est
502 1356 663 1422 reversa.³
714 1357 990 1423 Doruveruensis
1013 1357 1308 1458 archia-ppgprm-

191 1453 352 1539 piscopus
377 1458 537 1524 ratwine
562 1476 617 1524 ιιι.
638 1458 708 1525 rar.
734 1456 887 1541 Augusti
911 1458 970 1540 [30
985 1457 1077 1540 sur]
1104 1458 1146 1523 ee
1241 1430 1265 1457 ⁶·

191 1556 320 1622 saeculo
342 1559 505 1642 migravit
519 1558 545 1636 ;4
567 1561 623 1625 cui
648 1559 1032 1638 Notbelmus,ecclesiae
1056 1559 1311 1661 Luss·llg,⁰{⁸f,{?”⁰‘

191 1655 363 1723 deniensis
388 1663 578 1745 presbyter,
594 1662 629 1725 in
652 1661 969 1745 archiepiscopatus
997 1658 1146 1725 officium
1217 1632 1229 1661 θ
1261 1648 1267 1659 ’

190 1760 366 1826 successit.
427 1762 596 1828 Sacerdos
626 1762 843 1841 venerabilis,
874 1761 1062 1826 monachus
1085 1781 1260 1844 percursor

190 1860 304 1925 omnia
341 1861 536 1942 laudabilis,
579 1870 799 1947 computator
831 1862 1008 1940 mirabilis,
1049 1863 1146 1928 Beda
1156 1839 1274 1931 lilim

189 1961 439 2042 sanctissimus
454 1964 643 2029 secundum
663 1963 829 2046 Anglicas
844 1962 1036 2040 chronicas,
1054 1982 1145 2028 anno

190 2065 365 2142 prasenti,
381 2065 566 2130 secundum
585 2085 666 2131 vero
692 2086 793 2130 suum
812 2062 1018 2148 discipulum
1035 2062 1143 2127 Cuth-

190 2161 359 2243 berhtum,
377 2166 438 2248 qui
461 2166 537 2251 ejus
562 2167 694 2232 obitum
719 2164 913 2248 descripsit,
931 2181 1073 2246 suaeque
1089 2162 1145 2228 de·

187 2264 336 2329 cessioni
367 2285 446 2330 cum
468 2267 546 2332 aliis
567 2267 828 2350 quamplurimis
854 2264 1020 2342 interfuit,
1052 2283 1144 2330 anno

188 2366 359 2448 sequenti,
375 2374 456 2432 ante
482 2367 729 2433 Ascensionem
744 2367 960 2431 Dominicam
978 2381 1026 2428 ru.
1046 2364 1142 2443 feria,

187 2463 222 2528 id
249 2473 303 2530 est
321 2484 400 2532 vin.
424 2468 495 2533 kal.
511 2469 610 2534 Junii
635 2467 694 2554 [25
718 2465 834 2553 Maii],
855 2467 946 2531 circa
968 2466 1088 2530 horam
1105 2483 1142 2534 X.

187 2565 222 2629 in
238 2586 367 2649 magna
383 2568 505 2635 mentis
523 2570 705 2635 devotione
727 2576 762 2634 ct
784 2567 1048 2651 tranquillitate,
1064 2566 1143 2630 ulti-

187 2686 281 2730 mum
303 2688 322 2732 e
347 2689 490 2754 corpore
505 2672 664 2755 spiritum
688 2667 828 2746 efflavit,
852 2670 970 2750 sicque
987 2666 1143 2750 gaudens

187 2768 230 2832 ad
261 2788 369 2852 regna
396 2772 553 2837 coelestia
581 2765 769 2854 migravit.⁵
821 2769 891 2833 Hic
921 2787 995 2832 suae
1026 2768 1139 2849 gentis

186 2871 440 2954 quamplurima
466 2880 565 2954 gesta
581 2871 757 2954 hucusque
771 2870 947 2936 luculento
961 2867 1143 2950 descripsit

186 2989 355 3050 sermone,
386 2992 560 3057 unumque
591 2971 789 3056 temporalis
819 2971 902 3036 vitae
933 2967 1142 3052 modumque

186 3073 386 3140 terminavit
407 3065 586 3139 historiae.⁶
631 3073 708 3138 Nos
735 3092 829 3149 vero,
852 3071 928 3135 Deo
955 3070 1142 3153 aspirante,

185 3173 231 3236 ab
246 3173 323 3259 ejus
339 3177 419 3240 vitae
434 3175 541 3240 foelici
556 3175 665 3253 exitu,
690 3180 793 3256 prout
808 3170 1032 3254 Anglicarum
1047 3169 1143 3234 chro-

186 3275 340 3340 nicarum
374 3278 562 3360 reperimus
596 3283 710 3353 textu,
741 3273 962 3355 fideliumque
991 3271 1143 3335 virorum

186 3376 340 3442 credibili
367 3378 492 3456 relatu,
510 3377 565 3442 vel
581 3396 659 3460 quae
682 3395 744 3440 nos
773 3375 838 3457 ipsi
859 3372 1057 3436 indubitata
1080 3389 1142 3434 au·

186 3476 347 3557 divimus
380 3478 436 3543 vel
473 3479 630 3562 quaedam
668 3496 746 3560 quae
783 3474 892 3540 oculis
929 3472 1141 3554 aspeximus,

186 3580 311 3645 amodo
327 3580 473 3645 fideliter
499 3586 631 3658 notata,
657 3578 807 3642 fidelium
831 3592 1068 3639 successorum
1089 3592 1137 3636 re·

184 3680 371 3764 linquenda
386 3681 526 3764 dignum
543 3680 705 3744 duximus
721 3677 904 3743 memoriae.

188 3789 1136 3814 Μ

221 3850 228 3880 ¹
248 3846 411 3919 (leopertuslf¹
420 3851 475 3900 The
488 3856 544 3899 true
555 3851 614 3900 date
625 3850 654 3898 of
710 3839 1143 3896 ³00ntin.adBedam.Sax.Ghrou.

182 3925 235 3975 this
249 3925 343 3986 eclipse
360 3924 383 3973 is
398 3935 455 3972 rnx.
472 3922 526 3971 kul.
543 3922 611 3984 Sept.
623 3936 651 3970 or
712 3920 721 3950 ⁴
739 3917 800 3966 Sax.
812 3915 906 3965 Chron.

186 4000 216 4046 14
229 3997 297 4058 Aug.
711 3985 877 4049 ‘Migromt.]
895 3983 1016 4033 Beduob.
1028 3986 1060 4030 2⁷
1070 3982 1144 4045 May,

219 4062 552 4127 πΛεοιι....ριιῑειιιιειω
588 4061 649 4110 Sax.
676 4063 733 4110 ⁷3⁵.
770 4059 817 4107 See
835 4056 872 4106 H.
885 4056 926 4118 E,
941 4053 1004 4104 edit.
1022 4054 1053 4104 E.
1067 4053 1104 4102 H.
1116 4053 1142 4102 S.

183 4138 277 4189 chron.
311 4137 361 4185 For
378 4149 410 4183 an
428 4138 536 4183 account
554 4132 583 4181 ol
600 4131 651 4180 this
678 4147 703 4194 p.
716 4130 768 4178 xii.

181 4210 279 4272 prelato
290 4222 333 4258 see
345 4206 381 4255 H.
395 4206 425 4254 E.
438 4217 462 4252 v.
474 4208 515 4255 2⁰.
713 4194 883 4260 liffeim]
920 4196 969 4246 For
986 4210 1020 4246 an
1035 4198 1144 4244 account
