2940 4860
337 401 403 467 206
704 419 914 468 canonican

338 596 444 659 super
470 584 505 642 et
529 575 779 654 Nortmannos,
802 585 839 643 et
862 576 1114 656 Bononienses,
1142 579 1204 661 qui
1230 597 1295 644 ca-

339 677 479 741 stellum
504 677 541 741 in
563 677 791 742 Dornrerniae
812 677 902 742 clivo
923 685 1122 757 tonuerunt,
1144 680 1211 744 snb
1232 679 1294 744 de-

339 777 556 842 nuntiatione
578 777 660 843 belli
681 778 918 860 reposcebant.
972 778 1027 843 Ob
1048 779 1083 843 id
1106 786 1223 844 autem
1244 780 1292 844 ad

339 885 477 960 tempus
494 898 557 943 rex
574 878 791 961 perterritus,
808 886 843 942 et
857 878 894 942 in
911 897 1042 961 angore
1056 899 1184 962 magno
1205 900 1291 944 oon-

340 979 498 1056 stitutus,
512 978 597 1062 quid
608 985 728 1059 ageret
743 978 927 1059 ignorabat
941 979 1091 1063 penitus.
1143 979 1212 1044 Sed
1227 981 1292 1044 ubi

340 1080 532 1144 exercitum
547 1078 711 1143 comitum
733 1077 894 1156 Leofrici,
910 1077 1070 1157 Siwardi,
1085 1087 1121 1144 et
1143 1079 1290 1144 Raduifi

339 1178 968 1262 adventarecomperit‚senullatenus
977 1180 1176 1245 Eustatium
1186 1179 1291 1244 alios·

306 1301 309 1310 ·
339 1297 407 1360 que
429 1281 613 1362 requisitos
632 1279 851 1356 traditurum,
866 1286 1066 1344 constanter
1088 1279 1289 1363 respondit:

339 1397 409 1459 quo
425 1380 556 1456 audito,
572 1379 676 1445 vacui
690 1378 835 1443 redeunt
849 1379 969 1461 legati.
1003 1378 1139 1457 Quibus
1154 1380 1290 1444 abeun-

340 1478 445 1555 tibus,
463 1480 637 1543 exercitus
656 1479 879 1544 Glawornam
899 1479 1056 1557 intravit,
1079 1479 1129 1544 ita
1153 1479 1290 1544 inflam-

339 1586 466 1655 matus,
484 1586 519 1643 et
535 1579 696 1643 concordi
713 1580 828 1644 animo
844 1579 889 1643 ad
908 1599 1060 1662 pugnam
1077 1586 1231 1662 paratus,
1247 1589 1290 1647 ut

338 1679 469 1755 statim,
487 1679 517 1743 si
534 1699 596 1743 rex
615 1679 842 1763 permitteret,
859 1699 937 1743 cum
956 1680 1110 1744 exercitu
1125 1678 1289 1745 Godwini

190 1805 225 1885 ὦ
256 1856 269 1884 a
339 1798 490 1862 pugnam
501 1779 588 1842 inire
598 1779 713 1844 vellet.
732 1777 781 1843 At
790 1779 873 1862 quia
881 1780 923 1844 de
934 1786 1010 1844 tota
1018 1778 1148 1862 Anglia
1156 1781 1289 1863 quique

194 1907 221 1936 on
236 1906 271 1937 on.
340 1879 497 1944 meliores
514 1880 549 1942 in
565 1899 629 1944 sua
649 1886 684 1944 et
697 1879 836 1943 illorum
849 1886 948 1962 parte
972 1887 1072 1944 erant
1085 1879 1287 1957 coadunati,

339 1981 458 2045 comiti
474 1978 633 2044 Leofrico
648 1986 684 2044 et
699 1978 906 2062 quibusdam
921 1979 998 2043 aliis
1012 1998 1174 2061 magnum
1189 1981 1288 2046 vide-

338 2082 442 2144 batur
470 2080 633 2158 insilium,
664 2087 704 2144 ut
735 2078 804 2161 ipsi
833 2099 913 2143 cum
940 2080 1014 2144 suis
1044 2081 1286 2162 compatriotis

339 2180 466 2244 bellum
490 2181 638 2260 inirent3
662 2179 723 2243 sed
747 2179 925 2244 obsidibus
949 2180 994 2243 ad
1019 2179 1164 2251 invicem
1179 2180 1286 2258 datis,

339 2299 402 2344 rex
431 2288 466 2345 et
492 2280 683 2345 Godwinus
703 2279 758 2343 die
775 2281 962 2344 constituto
982 2281 1026 2344 ad
1047 2279 1286 2363 placitandum

341 2378 557 2445 Lundouiam
586 2379 819 2445 convenirent.
887 2381 1041 2445 Probato
1070 2380 1216 2444 consilio
1249 2389 1287 2446 et

339 2481 468 2544 nuntiis
497 2481 817 2558 intercurrentibus
845 2480 1020 2545 obsidibus
1046 2480 1137 2545 datis
1162 2488 1198 2545 et
1225 2501 1285 2547 ac-

339 2581 460 2662 ceptis,
471 2580 544 2644 dux
559 2581 595 2643 in
608 2580 916 2645 West-Saxoniam
925 2580 1045 2659 rediit3
1066 2599 1130 2645 rex
1144 2600 1226 2646 vero
1240 2582 1286 2646 de

339 2686 415 2744 tota
430 2679 575 2757 Marcia,
593 2687 629 2744 et
652 2679 927 2763 Nortbhymbria
940 2680 1165 2763 copiosiorem
1182 2701 1285 2746 exer·

340 2780 446 2843 citum
470 2780 706 2861 congregavit,
729 2787 764 2844 et
788 2799 905 2845 secum
928 2780 1145 2845 Lundoniam
1170 2781 1284 2848 duxit

177 2894 286 2985 surtran
258 2893 317 2983 Ἔα
342 2878 533 2943 Godwinus
561 2887 678 2944 autem
712 2886 747 2943 et
778 2880 840 2945 filii
877 2881 952 2965 ejus
984 2881 1028 2946 ad
1058 2879 1283 2946 Suthweorce

177 2945 233 3086 ῗνῑέἔ
240 2943 327 3035 giem
317 2998 464 3044 nvenere
479 2999 556 3043 oum
580 2999 708 3063 magna
722 2979 838 3044 West·
841 2980 1018 3045 Saxonum
1040 2979 1282 3061 multitudin03

338 3079 399 3143 sed
413 3079 496 3162 quia
509 3098 593 3144 suus
609 3080 653 3144 ab
664 3098 705 3145 eo
714 3079 883 3162 paulatim
893 3079 1086 3145 defluxerat
1097 3082 1284 3160 exercitus,

337 3179 543 3263 placitum
532 3181 619 3244 mire
650 3200 729 3244 cum
761 3199 842 3262 rege
870 3199 939 3243 non
968 3180 1130 3258 audebat,
1161 3200 1283 3246 verum

337 3288 439 3345 nocte
465 3280 729 3363 superveniente
756 3279 875 3361 fugam
899 3279 986 3344 iniit.
1038 3280 1157 3359 Quare
1179 3301 1282 3348 mane

337 3379 444 3458 facto,
476 3401 539 3445 rex
564 3381 601 3445 in
625 3399 690 3444 suo
713 3378 870 3456 concilio,
902 3386 938 3443 et
965 3379 1077 3444 omnis
1106 3381 1283 3448 exercitus

337 3481 491 3544 unanimi
515 3477 697 3557 consensu,
725 3479 823 3543 ilium
851 3487 886 3544 et
911 3479 1063 3562 quinque
1090 3481 1180 3546 filios
1205 3481 1282 3566 ejus

337 3579 457 3644 exules
477 3579 551 3643 fore
571 3580 818 3656 decreverunt;
844 3580 902 3662 qui
928 3599 1010 3644 mox
1033 3599 1111 3644 cum
1133 3581 1283 3665 conjuge

336 3699 400 3744 sua
433 3679 565 3763 Gytha,
596 3687 631 3743 et
660 3680 761 3745 Tosti
786 3700 865 3744 cum
890 3699 1001 3746 uxore
1027 3699 1092 3745 sua
1115 3681 1282 3761 Jutbitta,

336 3779 409 3844 filia
422 3780 585 3844 videlicet
607 3780 779 3845 Baldwini
797 3780 1062 3844 Flandrensium
1076 3781 1221 3858 comitis,
1239 3802 1282 3847 ac

336 3878 405 3944 duo
421 3880 482 3943 alii
496 3879 573 3963 ejus
588 3879 661 3956 filii,
677 3879 813 3945 Suanus
830 3887 866 3944 et
883 3879 1010 3964 Gyrth‚
1027 3880 1071 3945 ad
1085 3881 1282 3964 Thornege,

335 3979 395 4042 ubi
419 3980 518 4044 navis
533 3981 583 4045 eis
603 3986 727 4062 parata
750 3979 874 4057 fuerat,
904 3988 1090 4047 venerunt:
1114 3981 1150 4044 in
1176 4001 1280 4063 quam

335 4084 471 4141 tantum
487 4080 563 4144 auri
581 4087 616 4144 et
630 4079 778 4163 argenti,
792 4080 1007 4163 aliarumque
1021 4101 1136 4145 rerum
1153 4083 1282 4165 pretio-

334 4196 463 4254 sarum,
492 4188 660 4259 quantum
677 4180 739 4245 illa
760 4187 900 4263 portare
926 4181 1052 4264 potuit,
1079 4181 1283 4248 festinanter
