2940 4860
396 393 587 441 nnoanuru
611 391 890 442 wmonumusrs.
1058 377 1123 443 265

173 556 371 634 peremptus
385 559 439 616 cst
462 550 613 616 nefarie.¹
667 552 793 616 Tribus
809 552 908 616 annis
922 559 1002 635 post
1017 553 1122 617 inter·
1137 571 1252 613 anau.

173 651 355 716 sectionem
390 652 534 716 Pendan
572 652 664 734 regis
696 653 888 735 completis,
916 653 1024 716 filium
1048 653 1123 737 ejus

90 820 93 824 ,
175 751 342 816 Wlfcrum
379 753 484 817 duces
514 753 723 817 Marciorum
751 753 907 817 levantes
933 754 968 815 in
996 773 1123 835 regem,

172 851 257 915 fines
273 872 355 917 suos
376 853 512 917 sortiter
527 853 630 917 simul
648 860 682 917 et
696 852 892 917 libertatem
909 861 1122 937 receperunt.

174 951 245 1016 Hic
261 954 392 1035 primus
415 974 535 1035 regum
559 953 769 1016 Marciorum
787 953 963 1018 lavacrum
981 974 1122 1036 regene-

173 1052 318 1116 rationis
356 1054 517 1137 suscepit,
551 1062 587 1118 et
618 1053 725 1117 filiam
770 1054 998 1118 Erconberhti
1033 1055 1123 1136 regis

175 1151 451 1218 Cantwariorum
464 1174 505 1217 ac
520 1153 648 1235 reginae
664 1153 758 1216 illius
774 1162 904 1218 sanotae
920 1154 1122 1236 Sexburgae,
1203 1193 1209 1198 -

174 1261 331 1317 sanctam
352 1253 644 1336 Eormengildam,
667 1254 702 1316 in
722 1254 904 1338 conjugem
926 1255 1070 1337 accepit,
1088 1263 1123 1319 et

174 1372 216 1416 ex
234 1353 296 1418 illa
318 1355 440 1437 genuit
463 1354 657 1419 Ccnredum
684 1362 719 1418 ct
734 1354 998 1437 Wereburgam‚
1016 1355 1121 1436 virgi·

174 1472 251 1516 nem
300 1455 563 1519 sanctissimam.
638 1452 832 1518 Germanus
871 1474 952 1519 vero
1001 1454 1120 1536 ipsius,

174 1553 563 1619 Westan-Hecanorum
595 1574 669 1632 rex,
696 1563 839 1619 sanctus
879 1555 1121 1635 Merewaldus,

175 1653 280 1718 filiam
305 1655 527 1719 Eormcnredi
550 1655 673 1736 reguli,
687 1654 804 1719 fratris
820 1655 974 1739 ejusdem
992 1655 1121 1719 Ercon-

175 1754 286 1819 berhti
325 1756 428 1838 regiS,
467 1762 622 1819 sanctam
648 1753 974 1837 Eormenbeorgam,
1003 1755 1121 1819 matri·

176 1855 289 1918 monio
305 1856 370 1920 sibi
386 1856 574 1939 copulavit,
591 1863 626 1918 et
646 1875 689 1918 ex
706 1875 748 1918 ea
763 1862 833 1919 tres
849 1856 949 1932 filias,
966 1863 1121 1918 sanctam

175 1954 334 2019 videlicet
380 1956 627 2038 Mildburgam,
678 1962 833 2020 sanctam
884 1954 1122 2037 Mildrytham,

177 2062 333 2119 sanctam
366 2056 598 2138 Mildgitham,
622 2062 657 2119 et
686 2076 793 2119 unum
830 2056 937 2119 filium
965 2063 1122 2119 sanctum

176 2153 418 2233 -Merefinnum,
438 2157 566 2238 genuit.
620 2155 699 2234 Quo
715 2164 863 2232 mortuo,
878 2155 1036 2237 regnavit
1060 2176 1122 2238 pro

177 2273 218 2316 eo
250 2255 458 2322 Mercelmus
490 2257 597 2320 frater
634 2257 746 2320 illius:
785 2276 931 2339 quorum
971 2275 1123 2319 sororem

178 2347 419 2438 Cyneburgam
460 2377 524 2421 rex
566 2356 905 2438 Northhymbrorum
943 2355 1123 2420 Alhsridus

177 2453 277 2518 duxit
303 2475 457 2522 uxorem.
510 2456 600 2535 Quae
620 2457 792 2521 connubio
814 2457 962 2520 carnalis
988 2456 1122 2538 copula

177 2574 239 2636 pro
258 2555 324 2619 Dei
340 2575 456 2620 amore
474 2557 606 2634 relicto,
620 2557 655 2620 in
669 2556 877 2620 monasterio
892 2556 984 2639 quod
1000 2555 1123 2619 fratres

176 2655 231 2717 sui
248 2655 400 2720 Wlserus
418 2676 458 2720 ao
477 2656 699 2721 AEthelredus
725 2664 1006 2733 construxerunt,
1021 2664 1057 2720 et
1078 2657 1122 2720 ab

177 2754 286 2835 ipsius
331 2757 467 2820 nomine
511 2756 728 2839 Cyneburgae
766 2757 927 2822 Castrum
965 2764 1122 2834 vocatur,

177 2855 447 2920 sanctimonialis
480 2855 643 2937 efficitur;
667 2858 793 2940 inquo
818 2858 921 2921 etiam
937 2876 1035 2920 soror
1059 2875 1124 2920 sua

179 2953 400 3035 Cyneswitha
435 2957 730 3020 sanctimonialem
767 2959 919 3040 suscepit
955 2956 1122 3021 habitum.

177 3054 336 3119 Decessit
348 3064 464 3120 autem
475 3077 539 3120 rex
549 3056 703 3121 Wlserus
719 3043 809 3119 anno
822 3057 918 3137 regni
930 3058 984 3120 sui
999 3062 1121 3136 xvrr⁰.;
1136 3079 1250 3120 anau.

173 3155 232 3216 cui
249 3157 416 3220 successit
432 3176 615 3238 germanus
633 3175 717 3220 suus
732 3162 873 3219 sanctus
889 3155 1122 3233 AEthelredus,

177 3255 236 3335 qui
276 3256 367 3336 regis
409 3256 746 3339 Northhymbrorum
784 3253 939 3337 Ecgfridi
968 3275 1122 3319 sororem

178 3353 396 3419 Osthritham
422 3359 556 3438 accepit
577 3358 612 3420 in
636 3356 830 3439 conjugem,
848 3375 891 3419 ex
916 3375 986 3437 qua
1012 3355 1121 3418 filium

178 3453 382 3519 Ceolredum
399 3456 561 3539 suscepit.
613 3455 717 3520 Anno
736 3475 817 3519 vero
831 3457 928 3537 regni
943 3456 998 3518 sui
1011 3453 1122 3520 xxxl'.
1134 3477 1194 3516 an.
1205 3476 1249 3516 ⁷⁰4.

176 3554 363 3623 monachus
385 3554 511 3632 sactus,
529 3555 684 3620 Ccnredo
711 3576 774 3619 suo
800 3555 957 3620 fratrueli
980 3574 1122 3637 regnum

177 3652 292 3732 dedit;
317 3655 376 3737 qui
405 3657 503 3737 regni
530 3656 584 3719 sui
610 3675 700 3719 anno
718 3657 838 3738 quinto
863 3656 1017 3720 seculum
1043 3655 1122 3718 reli·

176 3754 263 3834 quit,
290 3754 438 3819 Romam
465 3755 561 3832 adiit,
586 3762 621 3819 et
646 3756 694 3820 ibi
714 3757 748 3818 in
774 3756 974 3820 monachico
1001 3755 1122 3819 habitu

176 3853 282 3917 vitam
300 3855 431 3929 finivit3
458 3857 510 3918 cui
528 3857 562 3919 in
579 3875 722 3936 regnum
738 3857 905 3920 successit
923 3854 1121 3930 CeolreduS,
1134 3877 1193 3918 an.
1205 3877 1249 3917 roo.

175 3955 290 4035 patrui
317 3955 372 4017 sui
399 3955 591 4019 AEthelredi
616 3955 719 4032 filius„
744 3957 803 4038 qui
829 3975 918 4019 anno
944 3955 1040 4036 regni
1068 3957 1123 4019 sui

212 4112 220 4144 ¹
238 4116 394 4177 Proditione,
420 4120 448 4164 ut
470 4117 567 4176 dicunt,
589 4118 704 4180 conjugis
724 4133 788 4178 suae,
811 4118 835 4164 in
859 4117 915 4177 ipso
932 4122 1043 4177 tempore
1065 4116 1123 4166 festi

177 4186 320 4235 Paschalis.
358 4186 439 4248 Beda,
451 4187 487 4236 H.
497 4187 528 4236 Ε.
539 4199 580 4235 111.
593 4190 634 4235 24.
