2940 4860
392 402 584 449 rnonnrrrn
614 402 892 453 wmonrunnsrs.
1052 390 1118 454 107

164 558 307 642 injusta,
329 567 391 623 aut
404 560 434 622 si
449 559 601 641 aliquam
612 560 647 623 in
662 560 730 624 illis
741 560 881 644 judiciis
898 562 1116 644 iniquitatem

168 659 361 740 intelligere
384 667 513 742 posset,
537 660 659 723 leniter
680 661 758 724 illos
783 662 877 743 ipsos
894 662 1040 745 judices,
1059 670 1120 727 aut

168 760 407 840 perseipsum
425 766 486 823 aut
506 779 567 841 per
590 760 676 823 alios
699 779 781 823 suos
803 760 933 837 fideles,
949 763 1120 842 quoslibet

168 859 417 940 interrogabat,
451 877 557 940 quare
596 866 669 923 tam
708 859 865 940 nequiter
892 860 1120 943 judicassent,

168 965 284 1022 utrum
301 978 364 1040 per
390 958 632 1039 ignorantiam,
651 966 712 1022 aut
726 966 867 1040 propter
881 959 982 1024 aliam
1001 980 1121 1041 quam·

169 1057 253 1121 libet
276 1057 564 1134 malevolentiam,
579 1058 614 1121 id
629 1065 693 1133 est,
709 1065 824 1121 utrum
841 1079 904 1142 pro
927 1059 1120 1141 aliquorum

169 1175 298 1234 amore,
316 1157 371 1220 vel
386 1157 519 1232 timore,
538 1163 598 1220 aut
619 1156 709 1233 odio,
727 1165 787 1221 aut
812 1159 916 1222 etiam
931 1178 994 1240 pro
1012 1158 1119 1222 alicu-

164 1256 224 1340 jus
241 1256 396 1338 pecuniae
422 1255 630 1337 cupiditate?
682 1257 839 1337 Denique
863 1258 893 1320 si
916 1257 966 1321 illi
983 1258 1119 1342 judices

168 1356 423 1437 profiterentur,
434 1363 616 1436 propterea
631 1375 668 1418 se
682 1355 764 1419 talia
771 1355 958 1439 judicasse,
971 1377 1011 1421 eo
1027 1359 1119 1440 quod

169 1454 254 1518 nihil
273 1455 400 1519 rectius
415 1455 458 1518 de
482 1455 533 1518 bis
548 1456 649 1519 rebus
667 1455 754 1518 scire
769 1463 941 1537 poterant,
957 1463 1040 1520 tunc
1062 1457 1120 1520 ille

170 1555 318 1619 discrete
332 1574 373 1618 ac
388 1554 605 1618 moderanter
618 1553 753 1617 illorum
770 1555 975 1637 imperitiam
991 1563 1026 1620 et
1038 1557 1120 1620 insi-

170 1654 334 1735 pientiam
359 1653 581 1735 redarguens,
606 1654 732 1730 aiebat,
758 1655 807 1718 ita
833 1655 1004 1736 inquiens,
1031 1655 1090 1719 ‘N
1092 1658 1120 1718 i-

169 1755 275 1817 mium
290 1754 439 1817 admiror
454 1759 605 1817 vestram
619 1753 708 1816 hanc
721 1753 951 1831 insolentiam,
969 1775 1009 1818 eo
1027 1756 1119 1837 quod

172 1854 239 1917 Dei
253 1854 343 1917 dono
359 1860 394 1917 et
415 1871 491 1916 meo
515 1853 720 1934 sapientium
739 1854 964 1916 ministerium
985 1861 1019 1918 et
1042 1874 1121 1935 gra·

171 1953 252 2016 dum
282 1953 487 2033 usurpastis,
511 1953 691 2033 sapientiae
716 1958 830 2015 autem
862 1952 1012 2016 studium
1037 1972 1119 2036 cpe·

171 2073 313 2135 namque
342 2051 566 2134 neglexistis:
591 2058 803 2133 quapropter
820 2059 881 2115 aut
907 2059 1120 2115 terrenarum

170 2159 382 2234 potestatum
396 2151 585 2215 ministeria
602 2170 680 2233 quae
700 2151 833 2214 habetis
856 2150 948 2215 illico
971 2152 1120 2216 dimitta-

172 2253 229 2328 tis,
253 2259 315 2316 aut
344 2252 524 2334 sapientiae
551 2251 674 2314 studiis
699 2250 808 2314 multo
834 2249 991 2315 devotius
1016 2271 1120 2332 quam

171 2351 338 2415 hactenus
367 2352 538 2426 insistere,
565 2349 702 2428 mando,
730 2350 921 2413 studeatis?
984 2349 1119 2428 Quibus

172 2451 299 2514 auditis
328 2451 442 2515 verbis
473 2450 656 2531 perterriti,
680 2469 721 2513 ac
745 2450 854 2513 veluti
880 2469 943 2532 pro
967 2451 1120 2514 maxima

171 2551 325 2615 vindicta
347 2550 503 2625 correcti,
524 2550 666 2613 comites
691 2556 725 2613 et
747 2550 925 2632 praepositi
948 2550 991 2613 ad
1013 2551 1119 2632 aequi-

172 2652 254 2714 tatis
285 2649 456 2713 discendae
482 2648 633 2711 studium
660 2649 741 2713 totis
768 2650 897 2713 viribus
922 2668 960 2712 se
985 2658 1120 2714 vertere

171 2750 391 2823 nitebantur;
417 2749 468 2812 ita
487 2755 527 2811 ut
546 2749 670 2811 mirum
689 2749 724 2810 in
744 2748 882 2812 modum
899 2747 1052 2813 illiterati
1074 2751 1118 2812 ab

171 2849 326 2924 infantia,
357 2848 500 2912 comites
519 2867 624 2930 penes
652 2867 768 2912 omnes
791 2849 969 2930 praepositi
992 2868 1033 2912 ac
1056 2849 1120 2911 mi·

173 2949 284 3024 nistri,
307 2948 505 3011 literatoriae
531 2948 598 3010 arti
623 2947 811 3024 studerent,
829 2947 996 3012 malentes
1008 2949 1120 3012 insue

173 3054 243 3111 tam
264 3046 477 3129 disciplinam
500 3047 670 3110 laboriose
693 3046 823 3110 discere
845 3067 948 3128 quarn
967 3055 1120 3129 potesta-

173 3155 245 3212 tum
257 3146 446 3210 ministeria
461 3146 642 3209 dimittere.
687 3145 820 3209 Verum
843 3147 872 3208 si
889 3147 1013 3229 aliquis
1029 3147 1121 3211 litte-

173 3247 303 3310 ralibus
318 3244 452 3322 studiis,
470 3253 531 3309 aut
545 3265 609 3328 pro
622 3245 729 3322 senio,
746 3245 801 3309 vel
818 3245 921 3308 etiam
940 3265 1002 3326 pro
1018 3247 1123 3310 nimia

172 3347 328 3411 inusitati
349 3347 480 3427 ingenii
503 3345 677 3422 tarditate,
700 3345 865 3426 proficere
889 3364 958 3408 non
981 3345 1124 3422 valeret,

175 3466 288 3522 suum,
304 3447 334 3509 si
350 3445 503 3522 haberet,
520 3444 640 3520 filium,
656 3452 717 3508 aut
740 3445 844 3508 etiam
869 3443 1018 3526 aliquem
1044 3465 1125 3527 pro-

174 3546 339 3628 pinquum
362 3564 475 3621 suum,
490 3544 546 3607 vel
569 3544 683 3620 etiam,
709 3545 740 3607 si
766 3544 867 3607 aliter
883 3564 951 3607 non
971 3544 1124 3621 haberet,

174 3665 276 3709 suum
304 3646 479 3727 proprium
509 3644 691 3720 hominem,
715 3644 859 3706 liberum
889 3642 945 3707 vel
974 3663 1124 3721 servum,

174 3765 276 3828 quem
291 3745 335 3809 ad
350 3745 533 3808 lectionem
555 3744 658 3825 longe
676 3752 755 3807 ante
770 3750 1003 3824 promoverat,
1019 3743 1125 3807 libros

175 3853 256 3909 ante
276 3860 313 3908 se
339 3844 393 3908 die
422 3855 607 3925 noctuque,
631 3842 904 3925 quandocunque
929 3842 1036 3905 ullam
1062 3843 1124 3907 ha-

175 3946 272 4009 beret
304 3944 490 4020 licentiam,
521 3943 713 4006 Saxonicos
750 3943 942 4024 imperabat
969 3943 1126 4007 recitare.

176 4045 251 4126 Ipsi
264 4029 348 4108 vero
363 4062 462 4107 senes
480 4043 622 4105 nimium
637 4043 863 4125 suspirantes,
878 4042 999 4107 intima
1013 4050 1127 4107 mente

175 4144 339 4208 dolebant
357 4164 397 4208 eo
421 4142 511 4224 quod
530 4142 564 4205 in
576 4142 760 4226 juventute
783 4162 847 4205 sua
862 4143 988 4207 talibus
1005 4143 1128 4209 studiis
