2940 4860
371 415 562 465 nnonnnrn
587 415 867 466 wrconruansrs.
1051 400 1095 466 35

145 574 354 639 reverendus
379 575 422 639 de
450 575 660 640 monasterio
692 573 781 639 Hild
812 575 1008 653 abbatissae,
1033 577 1092 659 qui

147 673 343 752 Deiromm,
361 683 396 740 et
414 675 720 741 Eatavenerabilis
738 676 845 740 abbas
855 676 1093 740 Mailrosensis

146 776 307 852 coenobii,
324 777 384 858 qui
401 777 635 841 Bernieiorum
646 776 857 859 provinciam
874 778 1092 859 gubernaret.

148 876 219 940 Hic
247 876 283 940 in
312 877 453 940 civitate
480 877 639 953 Eboraci,
662 876 719 940 ille
747 876 783 940 in
806 875 1093 958 Hagustaldensi,

146 977 220 1040 sive
258 975 527 1042 Liadisiarnensi
556 976 701 1041 ecclesia
732 977 931 1041 cathedram
962 977 1093 1042 habens

146 1077 388 1160 episcopalem,
413 1078 513 1142 ambo
541 1077 584 1141 de
612 1077 856 1141 monachorum
885 1077 1032 1160 collegio
1058 1078 1092 1142 ia

146 1179 367 1260 episcopatus
419 1177 564 1259 gradum
608 1177 730 1241 asciti:
777 1197 855 1241 cum
895 1179 1020 1260 quibus
1058 1186 1092 1243 et
1106 1197 1195 1238 aaran

148 1278 294 1342 Eathaed
317 1277 353 1341 in
377 1277 554 1360 provincia
582 1276 866 1355 Lindissaromm,
895 1298 999 1360 quam
1027 1249 1216 1388 nu·}{21{3¹1¹1¹2⁰‹‘›³r

146 1378 293 1460 perrime
317 1397 381 1442 rex
405 1377 557 1459 Ecgsrid,
575 1385 738 1461 superato
754 1379 896 1442 inbelle
914 1386 949 1443 et
971 1378 1092 1461 fugato
1132 1359 1204 1398 Μ’

147 1477 317 1555 Wulfero,
352 1479 559 1557 obtinuerat,
593 1479 772 1542 ordinatur
811 1479 1017 1562 episcopus3
1058 1488 1093 1544 et

147 1578 236 1642 hunc
262 1580 409 1661 primum
424 1578 544 1642 eadem
560 1579 739 1662 provincia
759 1580 936 1663 proprium
960 1580 1094 1662 aceepit

146 1678 341 1762 praesulem,
358 1679 545 1743 secundum
563 1680 782 1756 AEthelwine,
800 1681 938 1744 tertium
954 1680 1092 1762 Eadga-

146 1781 235 1857 rum,
255 1788 415 1862 quartum
447 1778 653 1864 Cyneberht.
689 1779 870 1845 ‘Habebat
897 1781 986 1844 enim
1012 1792 1093 1844 ante

147 1880 351 1945 Eathaedum
367 1880 554 1944 antistitem
570 1879 774 1959 Saxwlfirm,
789 1882 849 1962 qui
871 1882 973 1945 etiam
999 1881 1037 1944 M
1040 1900 1093 1945 er-

147 1981 278 2045 ciornm
310 1988 345 2045 et
388 1980 719 2045 Mediterraneorum
759 1978 952 2062 Anglorum
991 1980 1093 2044 simul

148 2082 329 2163 episcopus
343 2080 427 2160 suit;
454 2080 545 2144 unde
569 2088 604 2145 et
626 2080 792 2163 expulsus
817 2080 859 2144 de
881 2081 1043 2158 Lindissi,
1058 2081 1094 2143 in

146 2181 285 2245 illarum
300 2181 555 2264 provinciarum
571 2180 735 2262 regimine
750 2181 886 2246 mansit.
934 2181 1094 2245 Ordinati

148 2289 229 2346 sunt
255 2290 370 2345 autem
395 2281 551 2356 Eathaed,
568 2282 674 2359 Bosa,
704 2286 737 2344 et
761 2280 853 2345 Eata
879 2282 1026 2345 Eboraci
1049 2283 1093 2344 ab

148 2381 407 2464 archiepiscopo
432 2378 639 2446 Theodoro.¹
692 2380 820 2444 Pulsus
844 2401 927 2463 ergo
953 2381 996 2445 ab
1021 2382 1092 2463 epi·
1106 2393 1199 2485 Ψ(
1209 2404 1258 2482 2011·

147 2488 293 2563 scopatu
310 2481 451 2547 Wilfrid
482 2482 700 2562 Romamque
731 2481 854 2558 iturus,
883 2482 940 2546 ubi
972 2500 1092 2546 navem
1106 2455 1239 2536 {adnixi

147 2582 358 2659 conscendit,
384 2581 491 2647 flante
518 2582 669 2658 favonio,
698 2581 853 2646 Fresiam
881 2591 934 2648 est
960 2581 1095 2664 pulsus,

149 2683 207 2746 ubi
236 2683 367 2764 primus
395 2701 483 2764 opus
514 2681 749 2765 evangelicum
778 2680 894 2764 eoepit,
919 2690 953 2747 et
986 2682 1096 2746 multa

149 2781 258 2846 millia
283 2783 508 2846 barbarorum
535 2783 580 2847 ad
605 2781 707 2846 fidem
732 2783 912 2859 convertit,
937 2782 1096 2846 hiemem·

150 2901 217 2964 qua
233 2882 359 2946 ibidem
375 2901 453 2946 eum
470 2903 562 2947 nova
576 2882 644 2947 Dei
660 2882 760 2965 plebe
776 2882 921 2947 feliciter
938 2880 1080 2964 exegit.²

200 2982 348 3047 Sanctus
365 2983 463 3048 Beda
476 2981 655 3049 naseitnr.³
1109 2944 1240 3053 Βῗᾱῗυξιῖῗ.

201 3082 300 3147 Inter
327 3083 527 3165 Ecgfridum
550 3103 667 3165 regem
696 3081 1041 3166 Northymbrensium
1062 3089 1097 3146 et
1126 3096 1242 3137 anaw-

152 3182 389 3247 AEthelredum
422 3203 539 3266 regem
563 3182 772 3247 Marciorum
804 3190 964 3247 conserto
999 3183 1097 3266 gravi
1110 3162 1214 3252 ¹r³i31¹5⁰f
1222 3162 1259 3200 ³¹¹⁰

151 3282 286 3365 proelio,
312 3284 420 3369 juxta
450 3284 594 3349 fluvium
622 3283 764 3361 Trenta,
791 3284 924 3348 occisus
952 3290 1004 3347 est
1035 3303 1098 3345 rex

151 3382 312 3462 Alswine,
341 3384 448 3448 frater
481 3385 572 3467 regis
612 3384 778 3466 Ecgfridi,
809 3383 908 3466 cujus
946 3402 1098 3447 sororem

153 3483 379 3568 Osthrytham
420 3504 482 3548 rex
521 3483 701 3548 AEthelred
739 3483 888 3547 habebat
929 3479 1100 3546 uxorem.⁴

154 3583 336 3648 Wilsridus
366 3585 548 3668 episcopua
577 3583 732 3648 Fresiam
765 3583 914 3667 reliquit,
951 3582 1097 3646 Romam
1112 3594 1205 3635 wanuh

1074 3683 1082 3697 ‚
1111 3650 1195 3685 returns
1204 3649 1228 3683 to

153 3682 259 3759 adiit;
287 3691 322 3749 et
338 3686 397 3749 ubi
424 3684 600 3751 Benedicti
617 3700 717 3767 papae
735 3691 770 3747 et
786 3683 1011 3766 plurimorum
1028 3702 1100 3766 epr-

188 3867 196 3900 ¹
214 3870 250 3920 H.
263 3871 295 3920 E.
308 3884 345 3922 rr.
358 3876 398 3922 12.
618 3889 619 3892 ¹
640 3873 704 3930 6733
715 3871 762 3918 but
769 3870 820 3920 Mt.
829 3869 966 3918 Stevenson
973 3870 1102 3919 considers

188 3969 342 4026 Μ
640 3937 1104 4077 ii„{i“⁵tt¹ti⁰ii²i‘3d‘}bit

188 4073 245 4126 ³8.
262 4077 332 4126 Beda
350 4072 480 4146 nescitam]
502 4079 617 4128 Accord-
642 4045 1031 4131 conclusivainiavonrofb'ii.
1058 4082 1105 4130 See

152 4146 198 4208 ing
215 4151 241 4194 to
264 4147 390 4196 Mabillon
411 4149 438 4197 in
458 4148 498 4198 his
518 4150 574 4198 Life
593 4146 621 4198 of
643 4151 853 4200 Introductionto
867 4151 943 4202 H.E.
955 4167 981 4212 p.
993 4152 1037 4199 rii.

155 4215 268 4282 Beda,§
291 4221 320 4279 2,
341 4218 413 4266 Beda
432 4234 487 4269 was
508 4221 570 4269 born
592 4221 619 4267 in
680 4219 689 4248 ⁴
709 4221 744 4271 H.
757 4221 789 4271 E.
801 4234 835 4270 rv.
845 4225 893 4281 213
910 4222 971 4270 Sar.
984 4220 1077 4271 Chron.

960 4310 1003 4355 aa
