2940 4860
401 406 593 453 anonanrrr
617 404 897 455 wrconurnnsm.
1068 386 1133 452 139

179 561 304 625 summi
314 561 504 640 Creatoris,
517 564 762 628 monachorum
772 571 808 628 et
819 557 1132 626 sanctimonialium

180 667 339 724 catervas
362 663 578 743 aggregavit,
596 671 631 727 et
643 663 830 745 plusquam
845 679 907 726 xn.
922 661 1131 726 monasteria

180 777 258 821 cum
283 760 332 823 eis
354 762 518 825 constitui
534 762 661 844 jussit;
685 781 773 843 quos
799 780 918 825 omnes
943 768 984 824 ut
1005 759 1131 824 fratres

181 858 384 937 honorabat,
413 867 448 924 et
471 868 511 925 ut
534 861 624 924 filios
647 861 843 924 carissimos
868 860 1044 940 diligabat,
1071 859 1133 922 ad-

181 976 323 1022 monens
341 978 404 1040 per
417 978 455 1022 se
470 967 641 1041 pastoreS,
659 978 747 1039 quos
774 960 859 1041 ipsis
875 958 1076 1040 praeposuit,
1092 965 1132 1021 ut

180 1057 257 1119 illos
283 1058 490 1139 regulariter
514 1063 550 1122 et
572 1059 915 1139 irreprehensibiliter
929 1059 1045 1122 vivere
1071 1057 1133 1120 ad·

181 1164 371 1234 monerent,
397 1165 570 1240 quatenus
596 1157 736 1222 Christo
767 1164 802 1221 et
831 1158 961 1221 sanctis
988 1155 1064 1239 ejus
1096 1156 1132 1218 in

181 1255 340 1319 omnibus
371 1255 558 1338 placerent.
612 1256 699 1321 Erat
723 1258 841 1338 itaque
864 1257 919 1322 vir
949 1256 1132 1331 discretus,
1223 1311 1226 1316 .

182 1354 286 1431 mitis,
323 1355 474 1433 humilis,
512 1356 694 1443 benignus,
728 1356 895 1432 liberalis,
925 1354 1132 1431 misericors,

182 1454 404 1535 armipotens,
429 1446 627 1532 bellicosus,
653 1454 737 1537 jura
760 1456 858 1536 regni
886 1454 1011 1519 bellica
1034 1462 1134 1534 pote·

181 1560 272 1617 state
299 1552 463 1634 regaliter
490 1560 697 1634 protegens3
721 1554 888 1636 populum
909 1555 945 1616 in
966 1553 1133 1634 obsequio

182 1653 387 1734 principum,
402 1652 573 1734 principes
589 1652 633 1715 ad
644 1653 818 1734 justitiam
830 1653 1050 1734 imperiorum
1064 1652 1134 1717 for·
1153 1681 1156 1687 ·

183 1751 304 1827 mavit,
340 1751 436 1831 leges
473 1758 588 1814 rectas
619 1752 783 1829 instituit,
813 1771 921 1832 regno
961 1751 1131 1834 tranquil·

183 1850 313 1914 lissima
328 1849 461 1932 potitus
476 1856 551 1914 est:
574 1869 687 1932 neque
701 1851 793 1915 bello
822 1851 928 1914 alium
945 1850 1127 1925 lacessere,

186 1966 296 2029 neque
312 1949 492 2012 lacessitus
517 1949 643 2013 inferre
669 1950 728 2013 alii
752 1949 880 2013 bellum
905 1968 1046 2012 neccsse
1069 1948 1133 2010 ha·
1168 2009 1171 2017 ,

185 2047 281 2119 buit;
305 2046 366 2110 sed
388 2047 486 2128 regni
507 2048 561 2110 sui
583 2047 671 2112 fines
699 2049 894 2129 prudentia,
919 2047 1133 2123 tortitudine,

95 2203 97 2208 .
181 2145 333 2228 justitia,
356 2147 596 2228 temperantia,
624 2148 739 2229 quoad
767 2148 867 2224 vixit,
895 2147 972 2210 Deo
1009 2146 1134 2209 auxili·

185 2251 277 2320 ante,
297 2244 504 2324 custodivit3
529 2252 563 2309 et
587 2248 750 2328 quoniam
768 2247 855 2309 iram
877 2245 1000 2309 ferocis
1023 2245 1134 2308 leonis

186 2353 307 2407 contra
337 2344 494 2408 inimicos
525 2344 658 2422 habuit,
697 2365 767 2410 non
800 2345 913 2409 solum
942 2345 1134 2408 insularum

185 2444 359 2525 principes
383 2448 418 2507 et
439 2445 580 2526 tyranni
606 2445 704 2509 illum
730 2445 989 2528 pertimuerunt,
1013 2463 1134 2509 verum

186 2543 290 2605 etiam
319 2561 417 2623 reges
447 2543 674 2625 plurimarum
708 2544 873 2626 gentium,
902 2544 1011 2625 ipsius
1038 2543 1135 2606 audi-

186 2649 283 2704 entes
298 2642 504 2722 sapientiam
525 2649 561 2705 et
583 2646 837 2721 strenuitatem,
853 2643 994 2725 quidam
1012 2643 1134 2706 timore

186 2747 292 2821 atque
307 2747 438 2804 terrore
460 2742 609 2822 perculsi
626 2751 720 2821 sunt,
736 2743 875 2826 quidam
890 2762 973 2806 vero
987 2761 1051 2824 pro
1071 2761 1136 2805 sua

185 2839 421 2903 munificentia
445 2859 524 2902 eum
538 2840 740 2924 diligebant,
756 2843 986 2917 honorabant,
1001 2842 1135 2922 magni-

187 2938 318 3020 ficeque
368 2939 569 3003 laudabant.
627 2942 822 3025 Imperator
858 2942 964 3005 etiam
1004 2941 1135 3023 primus
1148 2944 1297 3016 numm

188 3037 286 3114 Οῑῒθν
314 3038 375 3118 (lui
403 3057 503 3101 suam
533 3039 675 3104 amitam
704 3042 741 3104 in
762 3040 945 3124 conjugem
972 3016 1271 3115 habebatssri‘t‘it'ind'

187 3137 273 3199 mira
290 3136 342 3200 illi
361 3157 504 3202 munera
526 3138 667 3216 direxit,
683 3147 719 3204 et
742 3160 819 3204 cum
848 3158 890 3202 eo
915 3147 1056 3221 pactum
1078 3117 1290 3205 tir-fflii'nffl

186 3237 347 3299 missimae
363 3237 460 3318 pacis
474 3237 636 3302 firmavit.
1146 3216 1260 3304 ilhniim.

237 3335 387 3398 Sanctus
403 3336 607 3399 Dunstanus
631 3337 676 3400 ad
699 3335 906 3399 Romuleam
921 3335 1040 3399 urbem
1054 3356 1134 3417 pro·
1162 3362 1223 3402 na.
1233 3363 1280 3400 aaa.

188 3433 309 3510 fectus,
326 3434 512 3498 indictione
533 3436 649 3511 tertia,
664 3435 807 3518 pallium
824 3454 846 3498 a
861 3435 884 3500 J
886 3435 1022 3499 ohanne
1043 3453 1136 3516 papa
1146 3430 1248 3528 &2⁸3⁸

186 3533 356 3615 suscepit:
391 3533 508 3615 sicque
538 3554 600 3616 per
631 3535 727 3616 pacis
761 3535 887 3599 itinera
917 3535 961 3598 ad
986 3533 1136 3616 patriani
1147 3529 1224 3568 ΕΜ·

188 3633 367 3698 remeavit.
420 3631 547 3697 Paucis
582 3633 706 3698 exinde
731 3635 907 3698 mensibus
931 3634 1231 3717 interjectisque

189 3731 321 3812 regalia
343 3731 431 3814 petit
456 3732 584 3807 limina,
595 3733 740 3815 januam
767 3734 872 3816 regiae
896 3733 1037 3817 pietatis
1052 3752 1134 3815 sug·
1147 3702 1287 3793 ibiibi&

188 3832 344 3912 gestione
370 3850 539 3913 preceque
562 3832 680 3914 pulsat
707 3831 909 3910 humillima,
934 3840 974 3897 ut
998 3833 1136 3915 religio·

185 3950 273 4005 sum,
291 3930 420 4007 mitem,
436 3930 667 4013 humilemque
682 3932 901 4009 monachum,
927 3934 981 3995 sui
1002 3933 1135 4015 praede·

186 4031 331 4094 cessoris
356 4030 487 4093 Odonis
513 4011 722 4107 fratruelem,
739 4032 781 4095 Β.
798 4031 1011 4108 Oswaldum,
1034 4053 1135 4115 quem

187 4131 221 4192 in
250 4131 371 4193 timore
398 4128 526 4205 divino,
555 4131 754 4212 sanctisque
780 4132 948 4194 virtutum
973 4132 1134 4213 operibus
