2940 4860
332 406 398 470 194
701 417 911 466 cuaomcou

334 579 521 656 mittentes,
538 586 573 643 et
593 597 630 642 se
653 580 739 644 bene
756 578 869 642 facere
884 582 1058 660 putantes,
1073 582 1290 656 rogaverunt

334 679 431 743 illum
448 687 486 744 ut
500 677 664 761 Angliam
680 678 823 755 veniret,
841 684 876 741 et
901 684 1038 760 sceptra
1060 675 1160 757 regni
1174 674 1289 739 susci·

336 785 452 861 peret:
476 779 536 863 qui
561 779 708 844 navibus
735 794 797 842 ΒΧ.
814 777 958 859 paratis,
973 783 1008 840 et
1033 775 1177 844 Danicis
1197 775 1290 839 mili-

337 879 430 944 tibus
456 880 645 956 instructis,
663 886 743 944 ante
765 878 912 942 mediam
938 884 1094 942 aestatem
1120 875 1288 958 Angliam

338 979 531 1056 advehitur,
556 987 591 1046 et
616 979 806 1062 gaudenter
829 978 874 1043 ab
899 978 1057 1042 omnibus
1086 976 1289 1059 suscipitur,

339 1080 504 1163 regnique
523 1079 611 1144 solio
639 1099 721 1144 mox
741 1079 966 1152 sublimatur;
991 1077 1051 1142 sed
1075 1077 1130 1141 sui
1151 1076 1289 1159 imperii

339 1187 493 1264 tempore
507 1180 556 1243 nil
573 1179 645 1262 egit
666 1180 809 1262 dignum
831 1184 1002 1261 potestate
1019 1175 1139 1259 regia.1
1191 1176 1288 1242 Nam

339 1301 422 1345 mox
439 1289 480 1345 ut
494 1299 640 1362 regnare
665 1281 784 1361 coepit,
798 1278 1014 1364 injuriarum,
1031 1297 1119 1360 quas
1142 1276 1197 1343 vel
1220 1277 1289 1341 sibi

338 1381 394 1444 vel
427 1400 500 1444 suae
538 1379 696 1460 genitrici
726 1397 809 1443 suus
841 1386 1039 1444 antecessor
1066 1378 1196 1442 fecerat
1221 1397 1287 1442 rex

340 1478 532 1554 Haroldus,
558 1480 618 1561 qui
646 1478 752 1544 frater
784 1498 868 1543 suus
900 1478 1099 1563 putabatur,
1126 1497 1196 1542 nou
1225 1478 1289 1542 im·

340 1599 480 1656 memor,
502 1579 683 1643 AElsricum
704 1579 957 1644 Eboracensem
982 1578 1290 1663 archiepiscopum,

341 1678 549 1744 Godwinum
565 1680 735 1757 comitem,
751 1679 822 1744 Stir
847 1678 1012 1763 majorem
1037 1678 1171 1756 domnS,
1186 1677 1289 1742 Edri-

341 1799 418 1844 cum
443 1780 724 1863 dispensatorem,
739 1779 880 1844 Thr-ond
906 1798 1007 1842 suum
1023 1778 1231 1857 carnificem,
1254 1786 1291 1844 et

341 1880 429 1944 alios
453 1900 588 1963 magnae
613 1880 794 1962 dignitatis
813 1881 917 1957 viros,
940 1879 1157 1943 Lundoniam
1184 1879 1289 1957 misit,

341 1989 376 2045 et
390 1981 500 2063 ipsius
525 1980 674 2046 Haroidi
690 1998 815 2062 corpus
832 1979 989 2057 effodere,
1005 1980 1092 2044 etin
1119 1998 1288 2061 gmnnam

340 2081 509 2165 projicere
518 2080 645 2164 jussit:
670 2080 762 2163 quod
789 2100 868 2144 cum
892 2080 1085 2165 projectum
1101 2080 1237 2156 fuisset,
1252 2079 1288 2144 id
1347 2068 1353 2077 ’

340 2181 533 2258 extrahere,
549 2188 584 2246 et
600 2181 635 2245 in
651 2181 778 2245 fiumen
795 2180 989 2244 Thamense
1013 2179 1190 2246 mandavit
1206 2199 1288 2262 pro·

335 2280 454 2365 jicere.
507 2282 612 2345 Brevi
643 2288 757 2346 autem
792 2288 872 2365 post
904 2291 1058 2363 tempore
1084 2300 1107 2344 a
1136 2279 1288 2363 quodam

339 2381 510 2462 piscatore
533 2390 673 2465 captum
696 2389 761 2458 est,
779 2388 814 2445 et
835 2381 879 2446 ad
905 2382 1027 2446 Danos
1053 2380 1196 2445 allatum
1221 2382 1288 2445 sub

340 2478 571 2558 festinatione,
589 2482 624 2545 in
642 2483 839 2546 caemeterio
865 2481 956 2564 quod
981 2481 1175 2545 habuerunt
1194 2480 1290 2544 Lun-

177 2594 318 2683 affisson
340 2579 451 2645 deniae
469 2581 640 2663 sepultum
657 2589 710 2645 est
730 2582 773 2645 ab
788 2582 872 2664 ipsis
890 2601 969 2645 cum
993 2578 1148 2645 honore.2
1200 2580 1289 2659 Qui-

177 2694 319 2734 rortnereet·
339 2680 403 2742 bus
433 2682 530 2758 actia,
559 2688 637 2745 octo
673 2700 806 2745 marcas
843 2681 1028 2763 unicuique
1061 2700 1134 2744 suae
1165 2680 1290 2745 classis

339 2780 472 2862 remigi,
503 2788 538 2845 et
572 2798 641 2845 ΧΗ.
667 2781 851 2864 unicuique
886 2782 1109 2863 gubernatori
1136 2781 1179 2844 de
1212 2787 1290 2846 tota

339 2877 469 2961 Anglia
494 2881 658 2963 praecepit
681 2880 839 2963 dependi,
856 2881 1023 2947 tributum
1037 2881 1198 2946 videlicet
1215 2888 1289 2946 tam

339 2999 458 3060 grave,
482 2990 522 3046 ut
536 2982 596 3044 vix
621 2981 745 3063 aliquis
771 2981 805 3045 id
828 2989 945 3064 posset
963 2982 1178 3064 persolvere;
1202 3001 1290 3064 qua·

339 3088 481 3163 propter
495 3082 654 3145 omnibus
669 3083 727 3165 qui
742 3082 838 3165 prius
860 3081 1045 3148 adventum
1061 3082 1137 3166 ejus
1152 3081 1289 3145 deside·

339 3181 464 3245 rabant
478 3201 699 3264 magnopere,
711 3182 824 3246 sactus
838 3189 892 3246 est
905 3201 1033 3246 exosus
1048 3181 1289 3263 summopere.¹

177 3293 316 3383 Proeeeding·
342 3278 396 3345 Ad
413 3281 487 3345 haec
503 3282 619 3358 etiam,
636 3301 700 3364 pro
724 3302 806 3346 nece
830 3283 884 3345 sui
910 3281 1026 3346 fratris
1049 3281 1210 3358 AEisredi,
1224 3282 1289 3346 ad-

176 3355 306 3485 ffissd·
339 3400 461 3445 versus
485 3380 693 3445 Godwinum
711 3383 869 3446 comitem
887 3388 923 3446 et
937 3381 1200 3464 Wigornensem
1214 3383 1288 3463 epi-

265 3471 271 3485 ’
340 3499 483 3563 scopum
519 3481 716 3563 Livingum,
745 3482 986 3547 accusantibus
1023 3481 1101 3545 ilios
1141 3481 1289 3546 AElsrico

341 3579 550 3644 Eboracensi
567 3581 825 3665 archiepiscopo
848 3590 883 3646 et
902 3580 1107 3665 quibusdam
1128 3581 1217 3658 aliis,
1230 3601 1291 3646 ex·

341 3680 426 3744 arsit
451 3679 502 3744 ira
529 3699 668 3762 magna.
721 3681 856 3746 Idcirco
882 3683 1120 3766 episcopatum
1146 3681 1289 3764 Wigor·

339 3799 479 3844 nensem
504 3780 653 3862 Livingo
681 3781 835 3858 abstulit,
859 3788 894 3869 et
916 3782 1061 3846 AEifrieo
1088 3781 1202 3861 dedit3
1226 3782 1288 3847 sed

376 3983 384 4016 ¹
403 3987 462 4037 Sax.
475 3987 569 4039 Ghmn.
827 3988 989 4039 Harthacnut
998 3990 1093 4040 caused
1102 3991 1144 4040 the
1155 3990 1222 4040 dead
1232 3989 1289 4040 Ha-

826 4059 1289 4123 raidtobetakenupandcastinto

375 4120 386 4150 ²
404 4127 587 4190 Constatura]
610 4129 642 4176 In
658 4129 701 4177 the
717 4129 801 4177 Saxon
826 4145 843 4178 a
855 4129 905 4179 fen.
941 4129 995 4180 The
1011 4135 1136 4193 cemetery
1153 4131 1250 4193 spoken
1265 4132 1295 4181 oi

340 4192 476 4244 Chronicle
489 4198 509 4245 it
524 4199 546 4246 is
564 4198 658 4259 merely
675 4200 730 4248 said
748 4199 802 4247 that
827 4214 881 4248 was
887 4199 948 4248 that
958 4200 988 4249 ot
994 4200 1032 4251 St.
1044 4200 1157 4252 Clamant
1168 4201 1266 4253 Danas.
