2940 4860
372 403 438 468 leo
721 435 723 439 Α
743 410 953 466 cuaourcou

374 581 480 652 mata,
504 574 643 641 Danica
668 574 805 651 classis,
825 582 864 640 ut
884 575 981 657 prius
1000 582 1076 638 erat
1100 580 1323 656 congregata,

375 675 478 756 louge
506 674 645 758 lateque
674 674 902 757 dispergitur3
934 675 994 740 sed
1024 694 1101 739 cum
1131 695 1212 757 rege
1237 690 1322 740 xer.

375 794 481 841 naves
505 792 710 852 remansere,
738 775 837 857 eique
862 774 1064 841 fidelitatem
1089 774 1264 858 juravere,
1288 781 1324 838 et

376 875 542 941 adversus
565 882 704 940 exteros
729 873 893 957 Angliarn
920 894 965 940 se
981 875 1184 940 defensuros
1207 894 1249 939 eo
1271 881 1323 938 te-

376 994 459 1041 nore
480 975 679 1058 promisere,
700 983 740 1039 ut
764 975 817 1039 eis
840 976 970 1040 victum
991 976 1212 1058 tegimenque
1234 993 1323 1058 prae-

376 1073 496 1140 beret.1
808 1137 809 1141 ,

227 1196 356 1239 rurus.
430 1172 613 1255 Liringus⁹
643 1173 962 1257 archipraesulatum
993 1173 1221 1238 Doruberuiae
1249 1192 1326 1238 sns-

215 1263 348 1356 pgpgpu·
378 1275 480 1357 cepit.
532 1274 655 1340 Mense
677 1274 700 1340 J
704 1274 774 1338 ulio
795 1295 857 1339 rex
881 1273 1062 1339 Danorum
1086 1274 1224 1338 Suanus
1247 1292 1326 1337 cum

215 1362 351 1464 {gffld'
379 1374 494 1441 valida
511 1374 622 1441 classe
640 1375 686 1439 ad
707 1373 893 1439 Sandieum
912 1380 1050 1458 portum
1072 1380 1125 1438 est
1147 1372 1326 1456 appulsus,

216 1464 323 1565 mg
378 1475 494 1557 ibique
511 1475 632 1556 paucis
650 1475 770 1538 diebus
790 1481 956 1552 moratus,
972 1474 1142 1551 discessit,
1165 1479 1201 1538 et
1223 1474 1325 1537 East-

381 1573 511 1656 Anglia
529 1573 834 1655 circumnavigata,
849 1575 977 1638 ostium
991 1573 1160 1638 Humbrae
1178 1573 1328 1637 fluminis

379 1673 535 1750 intravit,
558 1673 601 1737 de
627 1693 696 1756 quo
717 1674 751 1736 in
774 1674 902 1738 flumen
924 1673 1090 1738 Trentam
1114 1674 1270 1751 intravit,
1293 1684 1328 1737 et

217 1794 351 1838 sumnam
381 1771 630 1856 Geagnesbnrh
651 1774 842 1856 navigavit,
858 1774 916 1837 ubi
933 1781 969 1839 et
982 1781 1097 1838 castra
1111 1774 1247 1857 posuit:
1271 1773 1327 1838 eui

218 1848 355 1945 ictidas
380 1872 454 1938 sine
476 1873 695 1938 cunctatione
716 1893 830 1938 comes
851 1873 1028 1938 Ubtrcdus
1051 1880 1086 1938 et
1114 1873 1327 1957 Nortbbyru-

153 2012 155 2015 ·
216 1948 354 2045 lidibi-
381 1975 533 2052 brenses,
549 1985 584 2039 et
600 1973 831 2039 Lindisienses
849 1974 1021 2057 primitus,-
1037 1973 1159 2038 deinde
1175 1974 1328 2038 Fit-bur-

218 2049 337 2140 lilii.
380 2093 515 2155 gauses,
535 2093 618 2138 mox
638 2074 742 2138 etiam
764 2075 875 2140 omnis
898 2075 1049 2156 populus
1069 2074 1129 2156 qui
1150 2072 1329 2138 habitabat

217 2150 338 2201 ΨΜ·
381 2174 416 2237 in
441 2174 702 2257 septentrionali
723 2173 829 2257 plaga
843 2173 1189 2256 weddinge-streton,
1204 2174 1241 2238 id
1263 2180 1329 2250 est,

381 2280 493 2338 strata
503 2293 607 2357 quam
619 2274 681 2339 filii
696 2273 845 2339 Weatlae
861 2275 964 2356 regis,
980 2275 1024 2338 ab
1041 2274 1218 2340 Orientale
1234 2293 1329 2338 mare

381 2393 490 2457 usque
515 2373 558 2438 ad
585 2374 818 2452 Occidentale,
843 2394 905 2458 per
925 2374 1091 2457 Angliam
1119 2381 1330 2453 straverunt,

382 2473 589 2539 deditionem
604 2475 813 2552 obtulerunt,
828 2482 862 2539 et
884 2494 971 2558 pace
990 2495 1068 2540 eum
1085 2475 1145 2538 illo
1162 2474 1329 2553 stabilita,

382 2573 625 2657 obsidibusque
661 2574 765 2652 datis,
803 2574 1004 2640 fidelitatem
1039 2574 1072 2639 ei
1103 2575 1329 2660 juraverunt3
1391 2571 1396 2578 ’

383 2673 507 2757 quibus
528 2675 704 2757 praecepit,
721 2682 761 2740 ut
776 2693 883 2758 equos
907 2682 942 2739 et
964 2675 1128 2739 alimenta
1145 2694 1208 2739 suo
1230 2694 1338 2738 orrer-¹

221 2793 287 2835 svm
383 2772 466 2837 citui
480 2781 655 2856 pararent.
707 2773 776 2840 His
795 2774 944 2858 impletis
965 2781 1000 2840 et
1021 2775 1131 2840 classe
1145 2795 1224 2840 cum
1239 2775 1330 2839 obsi·

220 2844 351 2945 biblia,
384 2872 483 2937 dibus
508 2872 645 2939 Canuto
667 2874 739 2940 filio
767 2895 831 2940 suo
856 2875 1106 2952 commendata,
1132 2875 1198 2939 sibi
1223 2875 1332 2939 lectos

221 2946 289 2986 sautu

189 3046 191 3050 Α
221 2995 342 3085 amp
384 2973 585 3039 auxiliarios
604 2975 646 3038 de
661 2973 785 3039 deditis
800 2994 949 3052 sumens,
966 2975 1133 3041 adversus
1148 2973 1331 3040 Australes

125 3116 127 3120 -
221 3096 258 3136 uu
270 3099 370 3145 auum,
386 3071 535 3137 Marcios
550 3074 803 3157 expeditionem
815 3076 935 3153 movit,
947 3083 982 3140 et
996 3073 1333 3158 pertransitaWeat·

383 3172 616 3254 linga-strete,
648 3176 720 3240 suis
751 3176 902 3240 edictum
931 3175 1059 3258 posuit,
1092 3174 1260 3251 videlicet,
1293 3183 1334 3240 ut

385 3291 488 3354 agros
525 3273 757 3352 devastarent,
784 3276 895 3341 ‘villas
930 3283 1133 3352 cremarent,
1169 3275 1333 3339 ecclesias

384 3373 584 3455 spoliarent,
614 3375 776 3458 quicquid
805 3375 986 3439 masculini
1016 3394 1123 3439 sexus
1148 3375 1184 3438 in
1210 3392 1334 3438 manus

360 3458 528 3550 'veniret
557 3474 630 3538 sine
658 3483 823 3557 respectu
845 3474 1110 3552 miserimrdiee,
1119 3474 1332 3559 jugularent,

384 3570 528 3636 feminas
554 3572 598 3638 a'd
624 3574 921 3640 suamlibidinem
949 3574 1153 3658 explendam
1180 3593 1334 3639 reserva·

384 3679 472 3748 rent,
501 3679 537 3736 et
559 3675 682 3738 omnia
713 3693 791 3757 quae
827 3683 967 3758 possent
998 3675 1090 3739 mala
1118 3681 1334 3758 peragerent.

261 3787 289 3866 οὓς
308 3839 314 3874 3
386 3769 521 3858 Quibus
537 3773 587 3836 ita
602 3772 820 3855 facientibus,
837 3781 873 3839 et
888 3775 983 3839 rabie
997 3774 1107 3839 serina
1123 3775 1335 3840 debacchan-

385 3871 490 3948 tibus,
511 3873 607 3937 venit
634 3871 901 3950 oxenefordam,
926 3883 960 3939 et
983 3875 1079 3938 illam
1103 3876 1205 3939 citius
1230 3882 1335 3958 qnam

369 3973 522 4058 ⁴putavit
545 3973 707 4051 obtinuit,
725 3974 970 4058 obsidibusque
988 3975 1151 4057 acceptis,
1172 3975 1335 4040 festinato

420 4134 428 4166 ¹
446 4135 507 4186 Sar.
520 4135 614 4187 Obron.
873 4141 970 4199 stauos,
978 4137 1116 4200 Wyllansis
1131 4138 1268 4200 episcopus
1280 4141 1339 4188 nrm.

421 4203 588 4267 'Lintugufl
629 4207 681 4256 Qui
709 4212 734 4256 et
756 4205 845 4257 Athel-
874 4209 1032 4272 C.suproscr.
