2940 4860
365 411 866 463 nnonauruwreonurnus1s.
1028 397 1095 462 239

497 642 738 712 HWIGOIA.

193 826 242 876 DE
270 823 507 875 PONTIFIOALI
530 823 634 887 SEDE,
656 823 842 875 QUOMODO
865 823 1041 875 PRIMITUS

386 911 547 961 STATUTA
564 910 619 960 SIT
637 909 848 962 WIGORNIAE.

195 1051 347 1136 Egregie
371 1051 581 1117 Merciorum
611 1051 685 1133 regi
710 1050 872 1128 Wlfario,
890 1052 950 1134 qui
974 1072 1094 1134 regum

143 1154 249 1219 totius
265 1151 407 1216 Marciae
425 1152 528 1217 fidem
544 1151 673 1216 Christi
688 1152 819 1235 primus
835 1153 999 1235 suscepit,
1015 1173 1094 1235 ger·

144 1273 266 1318 manus
282 1273 366 1316 suus
382 1252 554 1335 gloriosus
569 1272 631 1316 rex
649 1258 790 1316 sanctus
808 1251 1034 1317 AEthelredus
1056 1253 1094 1316 in

145 1373 289 1436 regnum
326 1354 504 1428 successit,
530 1352 587 1416 cui
618 1352 857 1418 Hwicciorum
887 1352 1094 1438 subregulus

147 1454 313 1530 Osherus,
330 1454 385 1518 vir
412 1453 559 1517 multum
585 1451 781 1531 laudabilis,
811 1453 1015 1531 Hwicciam,
1038 1455 1095 1517 cui

148 1555 319 1638 dignitate
336 1553 546 1636 praesidebat
566 1554 673 1636 regia,
699 1554 830 1637 proprii
852 1554 1017 1619 antistitis
1045 1553 1096 1619 di·

148 1656 281 1738 gnitate
290 1654 452 1719 honorari
462 1654 911 1736 sublimariquedesiderans
920 1655 1096 1736 regimine,

147 1756 330 1820 consilium
345 1754 439 1819 dedit
451 1754 548 1829 utile,
560 1755 766 1836 rogavitque
778 1774 996 1836 summopere
1013 1774 1095 1837 qua-

148 1858 241 1921 tinus
258 1876 371 1936 suum,
384 1853 477 1938 quod
492 1861 575 1919 tunc
590 1855 723 1919 caeteris
739 1855 853 1936 regnis
871 1855 1097 1938 praeminebat

148 1957 298 2038 Angliae,
315 1955 471 2038 pluribus
484 1955 697 2020 antistitibus
710 1955 889 2020 decoraret
906 1956 1095 2030 venustius,

148 2077 190 2121 ac
226 2056 411 2121 honoraret
445 2054 637 2134 sublimius,
672 2056 763 2120 sieut
799 2056 967 2138 quosdam
998 2075 1096 2138 reges

150 2156 290 2239 Angliae
318 2162 464 2220 noverat
479 2155 561 2220 olim
576 2155 709 2221 fecisse.
763 2155 832 2235 Qui
849 2176 927 2220 curn
950 2156 1046 2238 prius
1060 2156 1096 2220 id

149 2257 238 2322 idem
272 2255 419 2321 faciendi
452 2276 579 2339 magno
608 2256 772 2339 flagraret
805 2256 986 2334 desiderio,
1011 2276 1093 2320 mox

149 2359 226 2443 ejus
253 2357 470 2422 suasionibus
498 2357 762 2440 salubribusque
789 2356 940 2421 consiliis
957 2357 1096 2439 acquie-

148 2460 213 2536 vit,
228 2465 263 2522 et
279 2457 523 2541 archipraesule
539 2458 766 2536 Doruberniae
784 2457 967 2523 Theodoro
993 2457 1038 2523 ad
1060 2477 1098 2522 se

150 2559 329 2636 accersito,
355 2559 493 2640 rogavit
518 2565 568 2635 ut,
586 2578 693 2639 regno
710 2578 773 2622 suo
791 2557 907 2641 plures
932 2559 967 2623 in
993 2578 1096 2642 paro-

152 2659 248 2723 chias
271 2659 395 2737 diviso,
412 2659 593 2741 episcopos
617 2658 703 2724 locis
727 2659 953 2724 constitueret
972 2679 1098 2742 oppor-

152 2760 255 2825 tunis.
308 2759 374 2823 Illa
399 2767 517 2824 autem
543 2759 629 2824 utile
652 2761 739 2825 satis
766 2759 858 2842 regis
879 2768 999 2825 votum
1017 2781 1097 2842 gra·

152 2867 267 2925 tanter
282 2861 490 2943 approbans,
512 2860 604 2942 quod
627 2862 817 2943 rogabatur
837 2861 911 2925 sine
934 2861 1099 2926 dilatione

152 2962 341 3026 maturavit
374 2960 527 3044 explere,
562 2961 679 3042 itaque
709 2961 898 3039 dioecesim,
927 2962 983 3026 cui
1015 2968 1098 3025 tunc

153 3061 328 3127 Saxwlfus
352 3061 542 3144 pontificali
561 3062 727 3143 regimine
749 3063 905 3147 praesuitp
921 3081 999 3126 cum
1015 3081 1098 3126 con·

153 3182 256 3227 sensu
272 3161 425 3246 ejusdem
444 3162 536 3244 regis
560 3181 602 3226 ac
617 3161 810 3245 principum
826 3162 931 3238 illius,
946 3162 982 3225 in
1001 3161 1099 3244 quin-

153 3284 221 3346 que
245 3262 427 3346 parochias
446 3262 575 3339 divisit,
590 3282 681 3326 anuo
706 3263 750 3326 ab
768 3261 1012 3326 Incarnatione
1028 3262 1100 3325 Do-

154 3365 236 3427 mini
254 3363 441 3428 secundum
461 3363 689 3444 Evangelium
709 3379 825 3440 occu„
843 3361 951 3446 juxta
966 3361 1101 3444 Diony-

154 3465 244 3528 sium
272 3462 390 3550 (cujus
414 3462 703 3527 errorem‘adhuc
728 3469 851 3527 sancta
875 3463 1032 3545 sequitur
1046 3482 1102 3526 ec-

154 3561 278 3648 clesia)
302 3561 414 3628 ann0¹
449 3579 646 3628 ucmxxrx.
699 3562 745 3626 Et
777 3563 861 3646 quia
882 3562 1006 3628 civitas
1028 3562 1102 3628 Wi-

155 3665 288 3744 gornia,
323 3671 478 3747 tempore
509 3684 579 3746 quo
611 3663 804 3744 regnabant
841 3664 1014 3747 Brytonas
1047 3662 1102 3728 vel

156 3764 308 3830 Romani
335 3764 371 3829 in
400 3763 606 3848 Brytannia,
634 3770 669 3826 et
699 3771 781 3827 tunc
810 3770 847 3827 et
874 3784 965 3828 nune
995 3764 1102 3828 totius

155 3864 323 3930 Hwieciae
362 3865 416 3930 vel
459 3863 709 3946 Magesetaniae
747 3864 947 3946 metropolis
985 3864 1103 3953 extitit

154 3966 304 4044 famosa·
314 3964 514 4030 cathedram
530 3965 642 4029 erexit
658 3964 891 4047 pontificalem
902 3965 1053 4047 digniter
1066 3965 1102 4028 in

387 4186 395 4222 ¹
414 4192 549 4242 Secundum
603 4228 610 4242 .
624 4227 630 4243 .
643 4190 726 4254 cuna]
755 4194 784 4241 C.
796 4191 864 4243 omit.
