2940 4860
356 390 549 445 uncanurn
573 389 854 440 wrcounruusrs.
1039 376 1084 439 45

135 547 350 631 Alftbrytha,
367 555 545 614 tonsuram
560 557 595 615 et
617 548 808 614 clericalem
827 549 982 615 habitum
1004 571 1082 616 sus·
1095 570 1216 612 unsara

133 649 239 731 cepit.
293 649 496 734 Osthrytha,
525 650 617 733 regis
650 649 859 715 Marciorum
888 650 1082 717 AEthelredi
1095 622 1198 714 iiiiii

135 749 268 831 regina,
284 769 306 813 a
322 750 662 815 Suthhimbrensibus
678 749 867 816 occiditur.¹
1119 724 1181 764 ‘¹⁰¹⁸'

188 850 290 914 Beati
309 843 514 917 Cutbberhti
540 870 677 934 corpus,
693 852 878 916 transactis
895 852 1082 934 sepulturae
1108 874 1227 915 nnus.

136 950 212 1035 ejus
237 951 335 1015 annis
358 968 425 1030 xa,
453 952 702 1034 incorruptum,
727 953 826 1035 quasi
852 952 938 1016 hora
963 940 1224 1031 eademssfflitgf's,

137 1051 301 1130 defuncti,
328 1051 431 1115 simul
453 1071 531 1115 cum
556 1059 653 1116 veste
677 1070 747 1135 qua
771 1053 952 1135 tegebatur
978 1042 1220 1135 depo-cum·

138 1151 274 1216 sitionis
301 1151 455 1236 ejusdem
479 1153 534 1216 die
561 1153 756 1232 invenitur;
785 1153 902 1235 sicque
923 1152 966 1217 de
992 1160 1084 1218 terra

138 1251 286 1330 levatur,
302 1272 393 1317 novo
422 1253 550 1318 amictu
575 1252 774 1331 involvitur,
799 1273 891 1317 nova
916 1253 952 1316 in
982 1253 1085 1319 theca

138 1353 346 1431 reconditur,
364 1359 400 1417 et
425 1373 532 1438 supra
553 1354 788 1437 pavimntum
814 1354 1002 1418 sanctuarii
1025 1375 1084 1437 po-

139 1453 244 1517 nitur.
297 1453 374 1518 Nec
399 1473 508 1533 mora,
537 1453 613 1518 Deo
644 1453 790 1518 dilectus
817 1454 961 1519 antistes
991 1455 1083 1519 Ead·
1097 1491 1198 1532 m,

137 1553 291 1632 berhtus,
309 1556 428 1619 morbo
443 1561 621 1637 correptus
636 1555 772 1631 acerbo,
786 1574 855 1618 non
871 1555 979 1619 multo
993 1563 1084 1639 post,
1095 1543 1209 1634 fflffiffi,

139 1653 174 1718 id
191 1660 255 1732 est,
270 1654 379 1736 pridie
403 1674 512 1719 nonas
538 1654 655 1719 Maias
675 1653 714 1736 [6
729 1654 845 1736 Maii],
877 1655 980 1720 etiam
1010 1657 1085 1740 ipse

140 1754 302 1838 migravit
325 1756 368 1819 ad
395 1754 600 1830 Dominum;
635 1754 735 1838 cujus
761 1774 885 1838 corpus
910 1756 946 1818 in
969 1756 1084 1839 sepul-

140 1855 223 1920 chro
240 1856 333 1920 beati
360 1854 565 1920 Cuthberhti
585 1862 765 1938 ponentes,
780 1864 1014 1939 apposuerunt
1029 1857 1086 1921 de-

140 1975 244 2039 super
261 1974 389 2034 arcam,
414 1957 449 2020 in
477 1975 547 2039 qua
571 1955 772 2039 incorrupta
798 1955 952 2040 ejusdem
975 1958 1085 2040 patris
1185 1973 1193 1987 ·

140 2059 294 2121 membra
326 2054 552 2122 locaverant.i
610 2056 784 2121 Successit
818 2056 1016 2123 Eadberhto
1048 2058 1084 2121 iu
1097 2083 1251 2124 summanus

141 2156 377 2240 episcopatum
392 2158 445 2223 vir
460 2156 601 2221 Domini
615 2154 826 2221 Eadfridus³
1097 2134 1202 2175 mmm·

192 2258 420 2323 Beatissimae
448 2259 502 2322 vir
529 2257 734 2333 GutblacuS,
761 2257 815 2321 die
840 2256 911 2322 kal.
930 2257 1085 2341 Septem·
1117 2285 1230 2326 anau.

140 2358 252 2422 brium
268 2365 360 2422 vl110.
377 2353 437 2443 [25
451 2356 575 2446 Aug.],
590 2358 737 2423 insulam
751 2358 905 2423 cruland
919 2359 1086 2441 pervenit,
1098 2351 1231 2443 ,⁸,‘;,?,¹,¹²,¹¹,¹⁸⁶

139 2458 255 2542 ibique
270 2459 376 2524 vitam
393 2459 668 2523 anachoreticam
682 2459 806 2523 ducere
823 2457 953 2541 coepit.4
1098 2453 1215 2495 ΜΝ·

194 2557 319 2644 [Beda
334 2559 370 2623 in
392 2558 481 2623 libro
496 2558 572 2623 ‘De
592 2558 842 2642 'Temporibus'
857 2560 892 2622 in
908 2579 999 2624 anno
1016 2579 1086 2644 quo

142 2678 219 2724 eum
242 2660 403 2735 condidit,
427 2659 478 2724 ita
504 2660 673 2742 perhibet,
696 2659 769 2723 “Si
792 2659 844 2723 vis
874 2679 976 2724 nossa
1002 2670 1088 2742 quot

142 2760 214 2824 sint
234 2761 314 2824 anni
335 2760 378 2824 ab
402 2760 636 2824 incarnatione
663 2759 803 2824 Domini
824 2758 931 2844 juxta
954 2760 1087 2846 Diony-

141 2861 243 2938 sium,
261 2861 348 2926 scito
372 2867 458 2944 quot
473 2859 600 2925 fuerint
623 2859 848 2924 indictionum
868 2860 1015 2939 ordines,
1031 2870 1088 2927 ut-

142 2968 223 3043 pote
235 2961 453 3043 inpraesenti,
468 2980 559 3025 anuo
571 2965 618 3024 v⁰.
628 2961 769 3038 Tiberii,
787 2976 909 3041 xuvn;
927 2961 1088 3026 hosmul-
1198 3014 1200 3019 .

142 3061 261 3143 tiplica
275 3081 337 3144 per
353 3078 429 3138 xv„
451 3061 539 3125 fiunt
560 3077 695 3139 ccxc„
722 3060 810 3125 adde
834 3080 969 3144 semper
988 3082 1087 3146 regu-

141 3161 232 3226 lares
248 3178 329 3240 xu,
346 3162 427 3244 quia
445 3169 570 3244 quarta
587 3161 782 3246 indictione,
798 3161 983 3227 secundum
1001 3162 1087 3227 Dio·

141 3263 289 3346 nysium,
306 3269 409 3327 uatus
436 3270 490 3326 est
514 3261 696 3340 Dominus,
719 3269 755 3327 et
770 3261 989 3327 indictionem
1006 3264 1088 3327 anni

140 3362 232 3426 illius
258 3362 493 3447 cujuscunque
519 3361 681 3439 volueris
704 3369 826 3446 utpote
851 3362 887 3425 in
912 3364 1087 3446 praesenti,

140 3483 257 3540 unam,
274 3463 359 3529 fiunt
374 3463 585 3546 septingenti
603 3468 682 3526 tres.
737 3462 803 3527 Isti
818 3470 898 3527 sunt
914 3465 995 3527 anni
1012 3463 1086 3528 Do·

140 3563 224 3627 mini
235 3563 340 3647 juxta
353 3562 580 3646 Dionysium:
595 3563 615 3589 ''
640 3563 730 3627 Haec
747 3561 872 3645 Beda]

141 3719 226 3767 buriul
248 3718 320 3780 place
347 3718 398 3768 aud
424 3720 555 3769 residence
578 3719 607 3768 of
629 3720 655 3771 S.
674 3719 814 3780 Outhbert3
832 3719 864 3769 he
880 3733 935 3768 was
951 3719 994 3768 tbe
1004 3720 1090 3770 writer

143 3803 212 3838 some
219 3787 248 3838 of
255 3788 297 3838 the
305 3789 420 3838 Mercian
429 3791 538 3851 princes.
556 3791 603 3840 See
629 3791 658 3839 ol
666 3790 707 3839 the
718 3791 767 3840 fine
779 3806 843 3853 copy
852 3789 881 3839 of
888 3789 930 3837 the
941 3789 1051 3852 Gospels
1063 3792 1090 3839 in

144 3859 228 3920 Felix,
238 3859 299 3907 Vita
318 3859 344 3908 S.
361 3858 482 3909 Gutblaci
500 3861 526 3908 iu
537 3859 605 3910 Acta
629 3859 671 3909 the
690 3860 824 3910 Cottoniun
842 3860 947 3920 Library
959 3858 1040 3925 (Nero
1055 3863 1089 3912 D.

143 3929 190 3979 SS.
202 3929 298 3979 Bened.
311 3932 338 3978 11
352 3929 435 3993 April.
582 3933 588 3945 '
630 3927 678 3994 lv.)
690 3931 784 3980 known
796 3930 873 3979 astbe
882 3929 998 3979 Durham
1010 3931 1091 3995 Book,

180 3997 189 4029 ¹
207 3999 242 4047 H.
253 3998 286 4048 E.
296 4012 319 4050 ν.
331 4003 370 4048 24,
406 4000 466 4050 Sax.
478 3999 570 4050 Chron.
630 4001 681 4050 and
698 4015 753 4050 was
775 4000 865 4063 bishop
884 3999 914 4048 of
932 3999 1092 4052 Lindisfarne

179 4077 190 4106 ²
202 4069 243 4118 H.
255 4069 287 4117 E.
297 4082 332 4118 tv.
345 4074 383 4119 30.
629 4071 692 4120 from
703 4075 752 4120 698
762 4075 787 4120 to
798 4074 855 4120 ⁷21.

180 4135 361 4208 ³Eadsridaa]
377 4141 414 4189 'l'o
432 4140 483 4190 this
507 4140 604 4203 prelata

144 4210 219 4260 Beda
229 4211 355 4260 inscribed
370 4211 411 4261 his
427 4225 500 4274 prose
512 4211 568 4261 Life
579 4212 609 4261 oi
665 4213 675 4243 ⁴
694 4211 776 4274 Felix,
787 4210 848 4260 Vita
858 4211 884 4261 S.
896 4211 988 4263 Guthl.
