2940 4860
300 383 366 447 176
666 398 873 445 cnaourcon

138 574 265 624 cnutmn
301 554 352 621 At
379 556 439 619 ubi
464 555 667 637 plerumque
693 557 805 620 noctis
835 557 1016 639 processit,
1046 554 1203 619 Canutns
1231 575 1257 620 e'

139 625 233 674 perregn

137 675 232 716 Medon.

139 1575 252 1616 ammone

138 1626 227 1666 relieves

137 1677 235 1716 London.

138 1776 210 1815 Bettle
217 1777 241 1815 ot

138 1827 261 1867 Brenttord.

301 657 426 720 castris
441 674 523 720 suos
539 656 633 720 abire
655 656 791 720 silentio
811 655 930 740 jussit,
953 663 989 719 et
1011 674 1129 719 versus
1156 654 1253 719 Luu,

302 757 439 821 doniam
454 757 520 820 iter
535 756 713 838 arripiens,
729 755 774 819 ad
790 775 897 821 naves
915 755 1106 838 repedavit,
1124 774 1166 818 ac
1179 774 1251 818 non

301 856 411 920 multo
438 865 519 938 post
546 855 762 921 Lundouiam
789 856 974 920 reobsedit.
1030 855 1100 919 Ubi
1131 862 1249 920 autem

302 956 375 1020 dies
395 956 545 1033 advenit,
568 964 603 1021 et
621 977 683 1020 rex
708 956 930 1020 Eadmundus
952 954 1116 1020 Ferreum
1138 955 1250 1019 Latus

303 1057 424 1121 Danos
444 1057 576 1138 fugisse
592 1057 770 1139 comperit,
788 1056 953 1140 majorem
976 1061 1250 1137 congregaturus

302 1157 503 1233 exercitum,
521 1157 558 1221 in
577 1155 884 1221 West-Saxoniam
908 1157 1113 1220 revertitur:
1148 1154 1250 1238 cujus

301 1258 540 1322 strenuitatem
571 1257 692 1328 videns
717 1257 868 1321 sororius
894 1256 970 1340 ejus
995 1255 1146 1338 perfidus
1164 1255 1249 1319 dux

302 1357 458 1433 Edricus,
475 1365 515 1421 ut
531 1358 724 1422 naturalem
747 1357 922 1420 dominum
943 1356 1124 1438 requisivit
1136 1355 1249 1433 illum,

300 1462 336 1518 et
352 1476 438 1538 pace
459 1477 536 1521 oum
559 1476 600 1521 eo
623 1456 869 1538 redintegrata,
891 1475 928 1519 se
954 1455 1089 1521 fidelem
1111 1456 1143 1519 ei
1169 1475 1248 1538 per-

300 1574 498 1621 mansurum
519 1556 664 1639 juravit.
716 1556 841 1638 Itaque
865 1556 1021 1621 exercitu
1042 1555 1117 1619 viee
1143 1556 1248 1619 tertia

300 1665 523 1738 congregato,
542 1656 800 1733 lundonienses
816 1657 909 1720 cives
927 1658 971 1720 ab
989 1655 1166 1720 obsidione
1184 1675 1249 1720 rex

301 1754 472 1833 liberavit,
504 1757 625 1821 Dauos
654 1756 698 1820 ad
726 1775 807 1820 suas
836 1774 941 1820 naves
958 1757 1106 1838 fugavit.
1158 1755 1253 1820 Post·

300 1856 441 1920 bidunm
458 1856 668 1933 Tamensim‚
690 1856 726 1920 in
751 1857 828 1920 loco
850 1857 910 1939 qui
933 1855 1116 1920 Brentford
1137 1856 1250 1930 nomi-¹

301 1965 416 2033 natur,
445 1957 693 2033 transfretavit,
719 1977 798 2021 cum
824 1956 936 2020 Danis
959 1957 1061 2020 tertio
1085 1956 1252 2038 proelium'

300 2057 483 2134 commisit,
499 2064 534 2121 et
559 2056 689 2138 iugatis
710 2057 760 2120 eis
782 2058 892 2120 vietor
912 2056 1038 2120 extitit.
1091 2057 1143 2120 Ea
1172 2056 1250 2121 viee

300 2157 401 2222 multi
433 2156 622 2239 Anglorum
652 2157 784 2241 populi,
810 2157 891 2221 dum
915 2157 1089 2221 incautius
1117 2156 1253 2221 flumen·

300 2258 498 2334 transirent,
523 2257 779 2338 demerguntur.
831 2257 967 2321 Exinde
989 2276 1065 2334 rex,
1087 2276 1253 2321 numero-.

300 2357 426 2422 siorem
447 2365 719 2440 congregaturus
741 2357 943 2434 exercitum,
964 2357 1000 2420 in
1017 2356 1248 2422 West-Sa'xo-

300 2459 393 2520 niam
411 2468 582 2540 properat.
636 2457 729 2521 Dani
743 2477 826 2521 vero
842 2456 1057 2521 Lundoniam
1074 2463 1250 2541 repetunt,

300 2557 477 2621 obsidione
494 2557 590 2621 illam
607 2557 763 2638 cingunt,
780 2566 815 2620 et
830 2558 923 2620 omni
948 2577 993 2620 ex
1010 2563 1108 2640 parte
1137 2577 1249 2641 oppu-

300 2663 421 2736 gnant,
447 2656 508 2719 sed
537 2656 615 2720 Deo
637 2655 797 2739 juvante,
822 2655 872 2719 nil
888 2657 1026 2721 omnino
1050 2656 1251 2741 proficiunt,

301 2754 356 2819 Ob
379 2776 483 2839 qnam
507 2776 579 2820 rem
604 2775 681 2819 cnm
707 2775 771 2819 sua
798 2754 909 2820 classe
937 2758 1134 2822 recedentes
1155 2758 1249 2836 inde,

302 2875 435 2919 amnem
465 2857 524 2938 qni
557 2854 681 2920 Arewe
712 2855 838 2919 dicitur
863 2854 1007 2933 intrant,
1033 2865 1068 2921 et
1101 2858 1256 2923 navibus

301 2955 494 3032 exilientes,
509 2954 702 3037 praedatum
717 2955 753 3018 in
770 2955 936 3019 Merciam
952 2964 1114 3039 pergunt,
1125 2959 1250 3024 obvios

224 3053 239 3067 ““
301 3075 457 3138 quosque
486 3055 635 3132 caedunt,
665 3075 771 3147 112010„
786 3055 890 3150 solito
916 3057 1018 3121 villas
1049 3058 1250 3138 incendunt,

138 3477 209 3521 battle
217 3479 242 3519 or

136 3528 219 3571 otum.

299 3156 453 3237 praedam
468 3162 589 3237 agunt,
604 3163 684 3238 post
700 3156 743 3219 ad
759 3144 866 3220 naves
883 3156 1047 3236 redeunt3
1070 3159 1249 3240 pedestres

300 3255 334 3318 in
351 3255 491 3333 flumen,
514 3257 606 3339 quod
631 3256 875 3338 Meodeweage
899 3266 1129 3340 nuncupatur,
1150 3260 1250 3324 navi-

299 3356 364 3420 bus
384 3357 612 3432 devehuntur,
637 3365 814 3439 equestres
843 3376 925 3421 vero
949 3358 1065 3422 vivam
1093 3358 1249 3441 praedam

299 3475 361 3536 per
378 3464 505 3519 terram
527 3456 713 3520 minantur.
766 3456 906 3521 Interea
933 3476 994 3520 rex
1023 3458 1248 3524 Eadmundns

301 3555 464 3619 Ferreum
481 3554 589 3618 Latus
607 3557 798 3620 exereitum
821 3555 944 3621 fortem
961 3557 1004 3620 de
1024 3564 1100 3621 tota
1114 3556 1248 3640 Anglia

297 3661 423 3737 quarto
439 3656 678 3737 congregavit,
695 3663 730 3719 et
747 3657 782 3719 in
798 3657 875 3721 loeo
890 3656 950 3721 ubi
966 3658 1061 3740 prius
1084 3657 1249 3723 'l‘amensi

296 3889 337 3941 hir
358 3887 507 3951 step-father
526 3887 590 3949 king
608 3887 687 3935 Knud
706 3887 762 3935 that
784 3887 827 3936 the
839 3889 945 3938 shielda
956 3889 1021 3938 little
1029 3891 1111 3941 below
1119 3891 1161 3942 the
1169 3892 1253 3944 hand*

296 3958 329 4011 lte
339 3959 416 4009 could
432 3958 511 4007 strike
527 3962 554 4005 at
571 3957 623 4004 him
640 3957 702 4005 with
719 3956 760 4005 his
784 3963 864 4020 strap,
879 3960 930 4007 and
944 3974 999 4008 was
1015 3976 1043 4009 so
1056 3967 1141 4025 strong
1158 3963 1214 4012 that
1229 3966 1251 4014 it

297 4028 389 4081 word.
425 4027 495 4089 King
514 4028 593 4075 Knud
615 4026 698 4075 thrust
719 4026 760 4075 bis
784 4033 828 4076 cut
838 4028 880 4076 the
891 4028 973 4077 shield
986 4031 1105 4093 asunder,
1115 4032 1165 4081 and
1176 4034 1248 4084 clove

297 4098 379 4153 ehield
395 4097 518 4147 forwerda
529 4111 589 4145 over
602 4096 645 4145 the
658 4097 724 4146 neck
734 4098 764 4146 oi
783 4097 826 4146 the
844 4098 974 4147 iore-hund
994 4100 1023 4149 oi
1038 4101 1080 4150 the
1098 4102 1185 4163 horse;
1202 4105 1249 4154 but

296 4169 338 4225 biv
346 4168 430 4231 boue,
439 4181 468 4216 so
478 4165 533 4214 tbut
544 4167 586 4215 the
597 4167 664 4216 blovv
672 4167 716 4216 fell
727 4183 759 4217 on
783 4166 826 4217 tbe
838 4168 925 4218 Danes
936 4171 1052 4233 pressing
1063 4186 1094 4221 on
1105 4171 1176 4235 him,'
1186 4179 1236 4226 etc.
1256 4222 1258 4226 .
