2940 4860
382 392 447 457 198
758 406 968 456 cunourcou

383 570 448 631 bus
457 566 660 650 quibusdam
672 567 1030 646 advenientibus,cum
1040 564 1181 632 licentia
1191 567 1342 632 senioris

385 668 450 746 sui,
469 669 605 733 nomine
629 668 802 745 Cortram,
826 668 1006 733 caritatem
1024 667 1073 732 eis
1090 667 1184 732 fecit.
1230 667 1342 733 Gum-

386 787 453 850 que
475 768 615 851 quidam
643 776 723 851 post
748 769 862 832 cibum
892 775 1008 833 essent
1035 769 1179 850 egressi,
1200 767 1254 832 illi
1277 770 1341 852 qui

387 876 634 944 remanserant,
658 869 702 933 ad
728 867 842 950 ignem
870 888 908 933 se
939 868 1193 946 calefacientes,
1215 888 1342 933 conse-

269 954 275 967 ’
387 968 524 1046 derunt,
538 976 644 1051 atque
658 969 773 1034 bibere
789 969 834 1032 ab
849 987 891 1032 eo
907 968 1096 1052 petierunt;
1112 987 1181 1052 quo
1199 967 1342 1033 nolente

389 1069 464 1134 sine
496 1069 649 1147 licentia,
679 1076 869 1151 coegerunt
901 1068 1009 1132 illum.
1069 1067 1226 1133 Tandem
1255 1088 1341 1133 cou-

390 1168 509 1246 sensit,
525 1169 621 1252 prius
640 1177 756 1234 tamen
771 1188 816 1233 ex
831 1187 872 1233 eo
888 1178 972 1252 potu
992 1167 1119 1233 seniori
1144 1187 1208 1232 suo
1237 1169 1342 1250 quasi

390 1269 661 1337 benedictionem
684 1269 787 1333 misit.
841 1267 1003 1333 Crastino
1029 1276 1144 1332 autem
1160 1270 1265 1333 abeo
1286 1269 1344 1333 in-

390 1377 600 1452 terrogatus,
615 1369 705 1434 unde
721 1369 786 1434 sibi
798 1368 896 1432 illum
911 1378 1032 1452 potum
1046 1369 1207 1446 misisset,
1222 1371 1344 1435 omnia

390 1487 468 1551 quae
497 1478 597 1551 gesta
620 1477 718 1534 erant
742 1469 884 1549 retulit3
907 1489 1059 1552 moxque
1085 1478 1227 1552 propter
1248 1467 1342 1535 banc

392 1576 526 1633 tantum
560 1570 710 1653 culpam,
735 1589 812 1634 eum
838 1570 952 1635 senior
975 1570 1018 1634 de
1044 1569 1216 1635 Hibernia
1241 1568 1342 1635 exire

387 1668 507 1754 jussit,
539 1670 631 1752 quod
662 1669 720 1733 ille
751 1668 928 1735 humiliter
964 1669 1183 1754 adimplevit3
1220 1669 1343 1753 sicque

394 1768 542 1833 Fuldam
561 1770 712 1848 veniens,
728 1778 848 1835 sancte
863 1770 1010 1837 vivendo
1022 1771 1187 1846 inclusus
1202 1776 1243 1834 nt
1254 1791 1340 1854 prae

392 1870 479 1948 dixi,
509 1871 606 1936 obiit.
659 1871 739 1935 Hoc
765 1879 882 1935 autem
907 1870 991 1935 mibi
1019 1871 1137 1935 retulit
1162 1870 1343 1952 Tigernah

393 1971 508 2035 senior
522 1990 630 2048 meus,
639 1990 717 2035 cum
732 1972 907 2054 quandam
918 1971 1054 2054 culpam
1067 1990 1211 2054 parvam
1222 1989 1342 2035 coram

394 2090 435 2134 eo
464 2070 632 2135 fecissem.
689 2071 751 2135 Me
776 2091 914 2156 quoque
936 2070 1096 2137 audiente
1123 2070 1159 2134 in
1191 2070 1344 2135 Fuldam

393 2170 538 2248 incluso,
554 2171 693 2254 quidam
711 2171 990 2253 religiosissimus
1018 2169 1171 2255 ejusdem
1193 2172 1344 2237 coencbii

393 2271 594 2349 monachuS,
605 2271 742 2336 nomine
753 2271 963 2350 Willelmus,
977 2271 1213 2354 supradictum
1221 2267 1345 2335 Anim-

393 2372 551 2450 chadum,
572 2371 647 2456 jam
675 2373 860 2456 sepultum,
887 2373 1036 2455 rogavit,
1064 2379 1103 2437 ut
1131 2391 1169 2436 se
1198 2371 1341 2436 benedi·

392 2480 507 2551 ceret;
531 2479 636 2554 atque
652 2474 741 2538 sicut
753 2481 875 2556 postea
885 2472 968 2538 mibi
984 2471 1211 2549 confirmavit,
1221 2473 1344 2537 eadem

392 2579 493 2636 nocte
522 2592 585 2654 per
614 2573 724 2636 visum
751 2573 839 2639 vidit
868 2572 1132 2650 Animcbadum,
1158 2572 1194 2638 in
1225 2573 1345 2656 sepul·

393 2670 475 2735 cbro
498 2690 561 2735 suo
583 2680 743 2749 stantem,
759 2673 863 2739 nimio
881 2673 1016 2756 fulgore
1033 2673 1211 2750 nitentem,
1229 2679 1264 2737 et
1280 2694 1343 2739 ex-

395 2779 494 2835 tensa
526 2791 630 2836 manu
658 2792 696 2837 se
719 2774 995 2839 benedicentem:
1026 2782 1203 2856 totamque
1230 2772 1346 2855 ipsam

395 2880 531 2936 noctem
546 2872 651 2937 etiam
666 2893 731 2955 ego
755 2874 919 2939 mellifluo
942 2874 1079 2956 plenam
1099 2874 1204 2938 odore
1226 2873 1345 2958 duxi]

396 2971 486 3036 Haec
501 2972 550 3037 ait
569 2972 762 3038 Marianus

244 3089 307 3129 aa.
316 3089 373 3129 1044.
446 3072 658 3137 AElfwardus
684 3073 936 3138 Lundoniensis
957 3073 1097 3157 praesul,
1121 3071 1180 3156 qui
1204 3080 1240 3138 et
1261 3081 1346 3139 ante

232 3156 355 3298 &5:¹5⁰ssng
396 3172 634 3257 episcopatum
678 3181 713 3239 et
751 3175 786 3237 in
823 3175 1039 3287 episcopatu,
1078 3173 1215 3238 abbatis
1250 3173 1346 3288 jure,

355 3285 361 3297 ·
395 3272 688 3339 Eoveshamnensi
705 3276 863 3338 coenobro
889 3275 1040 3357 praefuit,
1063 3294 1142 3339 cum
1161 3274 1345 3356 pontifica-

394 3381 468 3437 tum
484 3374 724 3439 administrare
739 3393 803 3457 pro
818 3393 883 3438 sua
898 3375 1097 3440 infirmitate
1112 3376 1225 3438 minus
1249 3373 1346 3439 suffi-

395 3481 501 3551 ceret,
535 3474 777 3538 Eoveshammi
805 3475 953 3540 residere
980 3476 1101 3553 voluit,
1131 3474 1192 3539 sed
1216 3476 1344 3540 fratres

395 3573 462 3638 loci
477 3573 571 3637 illius
586 3574 620 3638 id
636 3577 775 3639 omnino
789 3577 982 3641 consentire
998 3573 1208 3640 noluerunt.²
1244 3574 1343 3653 Qua-

395 3680 549 3756 propter,
562 3673 689 3739 ablatis
710 3696 754 3740 ex
775 3677 928 3741 maxima
952 3686 1051 3760 parto
1077 3676 1172 3740 libris
1188 3682 1224 3739 et
1241 3695 1345 3741 orna·

394 3772 532 3851 mentis,
556 3794 636 3857 quae
651 3776 726 3858 ipse
741 3775 852 3839 eidem
869 3777 1064 3842 contulerat
1086 3775 1176 3852 loco,
1192 3783 1227 3839 et
1249 3796 1345 3858 quae·

394 3873 486 3950 dam,
504 3882 545 3938 ut
557 3875 679 3952 fertur,
695 3895 773 3956 quae
790 3875 849 3938 alii
864 3877 1095 3953 contulerant,
1111 3875 1154 3939 ad
1170 3885 1346 3941 monaste-

394 3973 482 4036 rium
510 3974 707 4057 Ramesege
731 3975 887 4051 secessit,
913 3982 948 4038 et
972 3976 1089 4040 omnia
1118 3996 1197 4059 quae
1225 3976 1347 4042 attulit

392 4149 612 4273 Ralnffsdzerelff]
636 4159 752 4209 Because
763 4158 795 4208 be
807 4174 861 4217 was
872 4158 982 4209 uffiicted
993 4161 1055 4210 with
1067 4161 1177 4224 leprosy.
1214 4160 1262 4210 See
1274 4161 1345 4212 Hist.
