2940 4860
376 379 442 444 160
741 395 951 443 cunourcor

215 566 340 608 eororam
377 555 602 612 memoratum
617 545 782 629 AEgelrici
797 549 915 628 filium,
931 550 1103 615 bominem
1117 551 1238 615 humili
1252 553 1327 634 qui-

214 617 334 660 ΗΜ
376 648 453 711 dem
469 665 603 731 genere,
618 647 679 712 sed
695 649 750 712 cui
765 649 887 730 lingua
902 651 1042 716 divitias
1055 670 1097 716 ac
1110 652 1325 716 nobilitatem

374 754 650 830 comparaverat,
661 747 840 812 callentem
857 749 1005 831 ingenio,
1017 771 1160 815 suavem
1175 751 1324 833 eloquio,

374 854 411 912 at
425 848 486 929 qui
501 867 619 912 omnes
644 847 679 911 id
702 849 867 930 temporis
890 841 1064 928 mortales,
1092 857 1165 914 tum
1193 851 1323 915 invidia

374 954 480 1029 atque
495 948 650 1029 perfidia,
666 954 739 1011 tum
756 948 918 1031 superbia
939 957 974 1014 et
991 950 1206 1026 crudelitate,
1224 969 1324 1033 supe-

374 1048 478 1124 ravit,
496 1047 704 1111 Marciorum
722 1049 900 1113 constituit
911 1048 1061 1129 ducem3
1084 1049 1184 1134 cujus
1198 1050 1323 1114 fratres

300 1174 302 1178 ’
375 1147 567 1211 extiterunt
576 1146 1322 1231 Brihtricus,AElfricus,Goda,AEgelwinus‚

376 1246 630 1328 AEgelwarduS,
645 1246 884 1333 AEgelmaerus,
905 1255 1005 1330 pater
1021 1248 1193 1327 Wlnothi,
1211 1251 1321 1332 patris

376 1345 668 1411 west-Saxonum
685 1346 781 1411 ducis
797 1345 967 1412 Godwini.

227 1459 287 1500 nn·
297 1460 354 1500 1⁰0⁸·
426 1445 506 1509 Rex
532 1445 725 1527 Anglorum
748 1446 954 1528 AEgelredus
976 1447 1019 1511 de
1042 1465 1157 1512 cccx.
1175 1450 1321 1512 cassatis

213 1526 363 1618 ffissiff‘im,
374 1545 642 1622 unam-trierem,
653 1545 695 1609 de
711 1565 833 1609 novem
847 1565 929 1610 vero
945 1546 1086 1612 loricam
1102 1555 1136 1612 et
1152 1548 1321 1613 cassidem

374 1645 459 1721 fieri,
477 1652 512 1709 et
527 1664 588 1727 per
603 1653 711 1709 totam
727 1644 892 1728 Angliam
914 1666 1021 1712 naves
1044 1648 1175 1712 intente
1191 1667 1320 1729 praece·

374 1745 427 1827 pit
441 1743 636 1810 fabricari:¹
660 1745 783 1828 quibus
809 1746 952 1828 paratis,
976 1747 1102 1811 electos
1126 1747 1163 1810 in
1189 1748 1237 1810 eis
1261 1748 1319 1810 mi-

374 1844 453 1909 lites
479 1865 556 1910 cum
581 1844 755 1929 alimentis
779 1846 906 1927 posuit,
933 1853 968 1910 et
993 1855 1030 1910 ut
1054 1848 1097 1910 ab
1122 1853 1320 1914 exterorum

374 1944 622 2028 irruptionibus
638 1944 722 2008 fines
737 1946 836 2027 regni
859 1946 914 2009 sui
928 1946 1157 2023 defenderent,
1172 1946 1250 2009 illas
1273 1947 1318 2010 ad

374 2044 560 2108 Sandicum
575 2052 713 2127 portum
728 2046 963 2126 congregavit.
1015 2046 1068 2110 Eo
1081 2053 1246 2128 tempore,
1264 2048 1319 2111 vel

374 2146 478 2226 paulo
496 2151 589 2222 ante,
608 2144 715 2221 irater
738 2144 860 2227 perfidi
885 2145 982 2209 ducis
1010 2146 1128 2210 Edrici
1152 2146 1318 2224 streonae,

375 2244 537 2321 Brihtric,
555 2245 656 2309 bomo
679 2245 841 2322 lubricus,
857 2246 1070 2323 ambitiosus
1087 2254 1122 2310 et
1136 2248 1319 2328 superbus,

374 2346 467 2429 apud
496 2365 612 2426 regem
639 2344 768 2429 injuste
795 2346 972 2409 accusavit
1001 2346 1317 2415 suth-Saxonicum

373 2445 565 2509 ministrum
593 2444 808 2520 Wlnothum,
839 2446 911 2527 qui,
941 2465 984 2509 ne
1016 2453 1207 2528 caperetur,
1235 2466 1317 2510 mox
1343 2452 1345 2457 ’

372 2544 491 2626 fugam
507 2545 595 2621 iniit,
611 2551 646 2608 et
661 2561 730 2608 xx.
746 2546 892 2610 navibus
908 2546 1095 2628 acquisitis,
1112 2546 1203 2611 circa
1225 2547 1318 2628 ripas

371 2646 476 2708 maris
499 2645 638 2727 rapinas
664 2644 860 2727 frequentes
891 2645 1055 2711 exercuit.
1111 2645 1181 2709 Ubi
1202 2652 1317 2709 autem

372 2745 479 2825 regiae
503 2745 606 2808 classi
626 2744 823 2809 nunciatum
846 2751 911 2822 est,
933 2744 1026 2826 quod
1050 2745 1080 2808 si
1102 2746 1179 2827 quis
1198 2745 1315 2822 vellet,

372 2843 470 2908 illum
499 2845 599 2908 facile
626 2864 749 2926 capere
774 2851 903 2934 posset,
929 2860 1050 2908 cxxx.
1076 2845 1235 2908 trieribus
1261 2865 1316 2908 as·

371 2945 531 3026 sumptis,
546 2944 590 3008 ad
613 2944 885 3026 persequendum
910 2944 1008 3007 illum
1028 2944 1219 3008 Brihtrieus
1237 2965 1317 3027 pro-

372 3043 482 3108 fectus
515 3051 589 3108 est:
622 3044 681 3107 sed
711 3063 788 3107 cum
819 3045 878 3108 diu
907 3063 1071 3126 prospere
1105 3044 1315 3125 navigasset,

373 3145 487 3207 subito
506 3143 732 3208 validissima
760 3151 946 3226 tempestas
975 3145 1098 3208 oborta
1130 3163 1237 3207 naves
1267 3144 1314 3208 di-

373 3245 578 3320 verberavit,
602 3244 859 3325 conquassavit,
881 3249 917 3306 et
943 3244 978 3306 in
1004 3244 1136 3307 aridam
1160 3242 1316 3327 projecit,
1372 3261 1374 3264 ·

373 3363 461 3426 quas
475 3343 663 3408 Wlnothus
679 3362 747 3407 non
774 3342 882 3407 multo
895 3349 986 3424 ¹post
1006 3342 1151 3406 exussit.
1204 3342 1257 3406 Ea
1279 3363 1316 3406 re

276 3430 281 3444 ⁶
372 3444 524 3524 cognita,
538 3463 602 3506 rex
623 3462 702 3506 cum
725 3442 869 3506 ducibus
897 3449 932 3506 et
957 3443 1154 3525 proceribus
1176 3441 1314 3506 domum

372 3543 484 3619 rediit,
500 3543 620 3606 classis
649 3562 729 3606 vero
741 3541 843 3626 jussu
861 3541 954 3606 illius
983 3540 1196 3606 Lundoniam
1218 3542 1316 3619 adiit,

372 3643 491 3724 sicque
505 3643 613 3706 totius
630 3642 749 3724 populi
767 3642 939 3705 maximus
956 3638 1196 3723 laborperiit.1

223 3767 248 3806 n.
257 3765 283 3806 n.
295 3768 350 3807 1009.
422 3741 577 3817 Danicus
601 3760 715 3805 comes
738 3739 1009 3809 Turkillussua
1034 3760 1109 3805 cum
1125 3741 1247 3809 ,classe
1271 3740 1315 3805 ad

209 3831 355 3932 RQ„
370 3840 549 3922 Angliam
565 3841 677 3905 venit:
716 3840 849 3917 exinde,
887 3860 1003 3905 mense
1037 3839 1210 3922 Augusto,
1248 3840 1317 3904 alia

209 3932 336 3983 ‘'ihm‘'
371 3941 491 4005 classis
532 3941 709 4004 Danorum
748 3940 1013 4017 innumerabilis,
1054 3940 1110 4003 cui
1146 3947 1317 4023 praeerant

756 4185 763 4215 ¹
781 4188 842 4238 Sax.
854 4186 950 4237 Obron.
