2940 4860
382 412 881 463 anonnnrn‘wroonurnusrs
1042 400 1108 466 225
1182 450 1185 454 ι

152 569 244 647 dere,
275 578 310 635 et
347 592 410 654 pro
447 562 567 654 patriae
606 570 801 634 defensione
837 570 983 653 ipsemet
1016 579 1108 639 terra
1158 632 1160 637 ,
1267 623 1269 626 -

151 671 306 755 marique
329 672 508 738 desudare.
554 672 684 736 Eodem
711 691 801 735 anno
828 687 905 735 v111.
924 671 995 735 kal.
1019 673 1223 738 MaiiAcomo
1261 699 1263 704 ·

152 771 212 850 [24
235 771 349 855 Apr.],
374 774 475 838 stella
499 779 648 837 cometes
671 791 740 835 non
766 771 878 835 solum
904 772 940 835 in
963 770 1104 856 Anglia,

150 872 211 935 sed
241 874 357 950 etiam,
385 882 426 938 ut
452 872 573 950 fertur,
599 892 661 955 per
684 879 796 936 totum
825 872 989 936 mundum
1018 875 1104 952 visa,

149 991 212 1054 per
241 990 302 1036 vn.
337 974 408 1037 dies
439 974 621 1056 splendore
654 972 759 1039 nimio
789 970 968 1054 fulgebat.¹
1023 971 1104 1039 Non
1116 992 1261 1045 ronanus.

148 1073 259 1137 multo
282 1082 373 1157 post,
396 1092 511 1139 comes
537 1073 679 1137 Tostius
702 1071 745 1137 de
771 1072 934 1137 Flandria
955 1044 1266 1156 rediensii'irigiiiii

149 1173 197 1237 ad
206 1173 352 1238 Vectam
371 1174 527 1239 Insulam
544 1173 731 1256 applicuit;
756 1179 792 1236 et
803 1180 991 1255 postquam
1005 1175 1101 1238 insu·
1115 1145 1234 1189 summ

149 1272 248 1338 lanes
263 1270 334 1338 fsibi
355 1276 520 1339 tributum
542 1282 577 1339 et
596 1272 958 1356 stipendiumsolvere
978 1283 1101 1357 coege-

149 1381 215 1451 rat,
254 1374 423 1452 discessit,
458 1383 493 1440 et
524 1375 616 1438 circa
644 1373 737 1456 ripas
766 1374 883 1452 maris,
914 1375 1023 1439 donec
1055 1376 1100 1441 ad

149 1473 332 1538 Sandioum
348 1483 485 1560 portum
504 1475 646 1551 veniret,
660 1473 795 1556 praedas
807 1475 987 1558 exercuit·
1005 1474 1100 1554 ,Quo

148 1566 300 1656 cognito,
316 1596 378 1640 rex
397 1575 588 1653 Haroldus,
606 1575 666 1658 qui
682 1582 764 1638 tuno
781 1573 1098 1641 Lundoniaemora·
1156 1626 1159 1632 .

148 1676 262 1753 batur,
277 1677 422 1740 classem
443 1675 515 1740 non¹
530 1675 699 1740 modicam
725 1683 761 1738 et
789 1684 981 1757 equestrem
997 1695 1097 1740 exer·

148 1775 254 1840 citum
270 1778 473 1859 congregari
491 1776 677 1862 praecepit:
701 1774 775 1857 ipse
801 1795 885 1839 vero
912 1775 1097 1840 Sandicum

147 1884 285 1958 portum
302 1877 398 1942 adire
413 1879 571 1962 parabat.
613 1875 728 1954 ¹Quod
755 1874 836 1938 dum
862 1874 984 1940 Tostio
1008 1896 1095 1941 nun·
1109 1898 1232 1946 negano

145 1977 270 2041 tiatum
293 1977 426 2057 luisset,
449 1978 492 2043 de
513 1976 717 2042 butsecar'lis
741 1976 906 2057 quosdam
928 1976 1096 2056 volentes,
1108 1949 1209 1999 rnna,

147 2078 315 2158 quosdam
337 2079 507 2156 nolentes
533 2097 647 2142 secum
670 2094 861 2153 aasumensi,
883 2077 1038 2155 recessit,
1061 2085 1096 2143 et

146 2197 284 2242 cursum
305 2180 354 2243 'ad
387 2179 626 2261 Lindesegiam
657 2176 798 2254 direxit,
831 2177 868 2240 in
897 2195 967 2258 qua
993 2177 1095 2242 villas

134 2280 367 2363 ¹quamplures
402 2280 564 2356 incendit,
602 2278 798 2359 multosque
834 2276 989 2342 homines
1020 2279 1096 2342 neci

22 2460 24 2463 v
146 2380 296 2444 tradidit.
349 2381 417 2444 His
432 2381 593 2463 cognitis,
605 2379 678 2442 dux
693 2377 900 2442 Meroiorum
917 2376 1093 2455 Edwinus,

146 2485 180 2542 et
197 2477 533 2564 Northhymbrorurn
557 2498 670 2544 comes
696 2476 884 2542 Morkarus
900 2497 978 2542 curn
993 2497 1093 2542 exer·

145 2579 216 2642 citu
249 2580 424 2659 advolant,
447 2581 613 2665 illumque
638 2579 681 2643 de
705 2579 845 2660 regione
869 2579 947 2661 ipsa
974 2584 1093 2643 extru-

146 2679 251 2746 dunt:
275 2682 333 2745 ille
360 2690 475 2747 autem
503 2682 582 2746 inde
607 2679 797 2757 discedens,
815 2699 930 2762 regem
956 2679 1233 2743 Scotto-ananam

145 2800 221 2844 rum
260 2782 297 2845 M
301 2784 484 2847 alcolmum
515 2782 612 2859 adiit,
642 2788 677 2844 et
710 2799 789 2845 oum
819 2799 861 2844 eo
891 2799 952 2861 per
983 2787 1093 2844 totam
1106 2750 1241 2791 ‘⁰⁸⁰⁰‘hnd‘

146 2888 302 2946 aestatem
318 2883 456 2948 mansit.
509 2883 649 2946 Interea
669 2900 733 2944 rex
755 2879 934 2944 Haroldus
947 2879 991 2944 ad
1008 2880 1095 2944 San-

147 2982 261 3045 dicum
292 2991 429 3066 portum
457 2983 563 3060 venit,
591 2981 708 3065 ibique
732 2980 876 3043 classem
907 3000 1006 3044 suam
1037 3000 1096 3044 ex-

146 3083 309 3164 pectavit.
362 3083 452 3164 Quae
472 3103 551 3148 cum
564 3082 928 3161 fuissetoongregata,
946 3080 1095 3145 Vectem

147 3181 303 3246 Insulam
335 3185 442 3263 adiit3
475 3190 511 3248 et
542 3182 625 3265 quia
657 3180 949 3245 Nortmannorum
980 3200 1121 3244 comes.

146 3282 355 3362 Willelmus,
385 3282 569 3348 Eadwardi
595 3283 686 3364 regis
703 3280 937 3355 consobrinus,
960 3279 996 3343 in
1023 3280 1095 3344 An·

146 3383 252 3465 gliam
280 3405 357 3448 cum
382 3385 537 3449 exercitu
557 3382 675 3446 venire
700 3382 857 3464 parabat,
880 3385 955 3443 tota
972 3385 1094 3445 aestate

145 3491 181 3547 et
198 3492 363 3549 autumno
388 3485 573 3548 adventum
589 3482 683 3547 illius
700 3481 926 3545 observabat:
950 3480 994 3543 ad
1020 3480 1094 3545 haec

146 3585 251 3649 etiam
264 3585 457 3668 pedestrem
480 3583 670 3648 exercitum
685 3583 770 3646 locis
785 3579 987 3663 opportunis
1003 3580 1094 3644 circa

145 3686 239 3767 ripas
260 3686 365 3750 maris
385 3686 534 3750 locabat.
586 3681 801 3748 Adveniente
821 3681 940 3764 itaque
954 3679 1094 3745 Nativi-

146 3793 219 3849 tate
249 3786 386 3851 Sanctae
413 3785 544 3850 Mariae·
567 3783 605 3867 [8
631 3783 756 3865 Sept.·],
771 3781 878 3845 'victu
904 3779 1094 3859 deficiente,

146 3892 181 3950 et
196 3885 362 3951 classicus
377 3895 412 3952 et
434 3883 604 3970 pedestris
622 3883 795 3948 exercitus
820 3881 958 3945 domum
983 3881 1093 3946 rediit.

147 3986 283 4065 Quibus
300 3988 415 4069 gestis
434 4006 513 4052 cum
535 3984 681 4050 classica
702 4002 806 4046 manu
825 3980 1014 4064 pervalida,
1029 3982 1093 4045 sci·
1105 4001 1248 4051 aetarnae

524 4210 531 4240 ¹
549 4213 611 4261 Sax.
623 4212 716 4263 Clrron.
827 4233 829 4237 ’
919 4236 921 4240 ·

923 4304 945 4362 Q
