2940 4860
296 370 363 435 220
671 383 880 431 canonicor
903 406 909 417 ·

297 542 517 609 laudabiliter
564 542 767 626 adimplens,
809 540 934 625 prioris
976 541 1256 606 conversationis

298 645 536 711 austeritatem
563 644 701 708 minime
729 643 880 724 reliquit,
904 641 1021 718 immo,
1048 648 1088 705 ut
1110 642 1254 706 cacteris

296 745 494 828 exemplum
519 745 606 808 bene
628 743 767 808 vivendi
790 743 901 820 daret,
924 741 1162 825 multipliciter
1188 742 1254 807 ad·

296 846 409 910 auxit.
455 844 591 909 Deinde
616 852 697 926 post
716 843 850 925 aliquot
872 861 1039 906 annorum
1063 841 1250 919 curricula,

296 946 407 1010 electo
425 944 469 1009 ad
487 945 822 1027 archiepiscopatum
839 942 1069 1007 Eboracensis
1090 941 1249 1007 ecclesiae

296 1046 372 1129 ipso
394 1043 548 1109 Aldredo
565 1044 808 1127 Wigornensis
831 1042 985 1106 ecclesiae
1010 1043 1186 1125 episcopo,
1209 1042 1250 1108 fit

293 1146 468 1211 unanimis
483 1164 673 1210 consensus
688 1151 760 1209 tam
783 1142 866 1208 cleri
886 1161 990 1225 quam
1008 1143 1112 1207 etiam
1136 1143 1248 1208 totius

295 1246 407 1329 plebis
428 1246 464 1310 in
483 1245 558 1330 ejus
582 1245 761 1322 electione,
784 1263 865 1326 rege
888 1242 1049 1307 videlicet
1070 1252 1249 1309 annuente

295 1353 334 1411 ut
354 1366 457 1428 quem
472 1345 538 1409 sibi
560 1345 690 1410 vellent
713 1344 895 1427 praesulem
923 1343 1099 1425 eligerent.
1151 1341 1249 1409 Con-

296 1447 376 1528 tigit
392 1463 541 1527 namque
555 1465 596 1510 eo
613 1452 767 1528 tempore
782 1453 819 1509 et
836 1443 972 1525 legatos
992 1443 1084 1507 sedis
1101 1452 1247 1527 aposto-

295 1544 371 1610 licae
392 1545 468 1627 ejus
484 1544 644 1609 electioni
661 1545 840 1624 interesse,
856 1542 1133 1622 Armenfredum,
1151 1545 1247 1609 scili·

295 1652 362 1723 cet,
395 1643 646 1709 Sedunensem¹
678 1647 890 1729 episcopum,
921 1651 956 1709 ct
985 1643 1102 1722 alium,
1131 1645 1193 1727 qui
1224 1665 1247 1710 a

295 1745 434 1810 domino
455 1765 549 1829 papa
566 1744 769 1810 Alexandro
791 1765 854 1828 pro
880 1743 1054 1827 responsis
1080 1745 1245 1810 ecelesia·

295 1847 391 1911 sticis
430 1846 475 1910 ad
510 1866 628 1929 regem
659 1844 853 1927 Anglorum
876 1843 1107 1934 Eadwardum
1135 1845 1246 1925 missi,

296 1948 393 2030 regio
408 1954 584 2031 praecepto
597 1946 789 2029 Wigorniae
804 1965 866 2028 per
877 1953 987 2009 totam
1001 1944 1070 2009 fere
1084 1943 1246 2024 Quadra-

297 2048 464 2130 gesimam
487 2047 672 2130 degebant,
694 2052 919 2132 expectantes
944 2064 1147 2128 responsum
1169 2065 1244 2111 suae

295 2146 480 2229 legationis
510 2167 621 2231 usque
660 2146 705 2211 ad
742 2147 870 2210 curiam
909 2145 1061 2227 regalem
1093 2146 1245 2228 proximi

296 2246 455 2312 Paschae.
508 2248 560 2312 Hi
572 2247 741 2324 videntcS,
756 2247 837 2310 dum
851 2246 900 2310 ibi
917 2246 1152 2322 morabantur,
1166 2245 1245 2330 ejus

295 2347 505 2412 laudabilem
520 2347 829 2424 conversationem,
842 2347 877 2410 in
894 2346 971 2431 ejus
988 2345 1154 2411 electione
1172 2365 1244 2411 non

295 2455 432 2512 tantum
459 2449 730 2524 consentiebant,
756 2449 860 2511 immo
887 2455 957 2511 tam
983 2447 1111 2512 clerum
1136 2466 1243 2528 quam

295 2547 432 2630 plebem
458 2548 609 2611 maxime
631 2549 674 2611 ad
696 2548 762 2613 boc
784 2547 1009 2629 instigabant,
1033 2565 1166 2628 suaque
1182 2567 1243 2612 au-

292 2648 456 2711 ctoritate
485 2647 561 2730 ejus
591 2646 793 2711 electionem
823 2647 1028 2712 firmabant:
1067 2646 1128 2711 illo
1157 2666 1242 2713 vero

293 2746 565 2810 obstinatissime
589 2753 767 2825 renuente,
794 2767 900 2829 seque
925 2747 1104 2828 indignum
1128 2747 1243 2812 accla-

292 2853 422 2924 mante,
448 2853 586 2910 etcum
613 2854 829 2911 sacramento
859 2848 962 2911 etiam
991 2846 1180 2911 affirmante
1202 2867 1241 2912 se

292 2945 403 3008 multo
443 2946 606 3009 libentius
644 2946 865 3020 decollationi
908 2967 1010 3029 quam
1049 2954 1121 3010 tam
1157 2948 1241 3012 altae

291 3044 500 3109 ordinationi
517 3047 739 3111 succumbere
755 3047 854 3112 velle.
906 3045 994 3112 Cum
1009 3066 1102 3130 saepe
1120 3054 1157 3112 et
1170 3048 1240 3113 fre-

292 3152 439 3226 quenter
454 3165 475 3209 a
490 3146 646 3228 pluribus
659 3148 741 3211 viris
756 3146 926 3229 religiosis
942 3154 977 3211 et
986 3147 1241 3213 venerabilibus

291 3246 448 3327 personis
472 3246 647 3329 superbis
672 3248 938 3324 circumventus,
957 3247 1001 3311 ad
1023 3249 1240 3312 consentien-

291 3344 371 3407 dum
402 3347 540 3410 minimo
569 3347 767 3428 persuaderi
791 3355 921 3430 posset,
948 3347 1088 3412 tandem
1115 3368 1137 3412 a
1161 3350 1238 3413 viro

291 3444 359 3508 Dei
379 3445 492 3510 Wlsio
512 3446 658 3524 incluso,
679 3449 737 3529 qui
764 3455 846 3512 tune
866 3447 945 3530 plus
972 3464 1034 3512 xa.
1059 3449 1160 3512 annis
1183 3468 1238 3514 so·

290 3544 441 3609 litariam
472 3546 581 3610 vitam
610 3548 722 3628 egisse
759 3549 978 3626 noscebatur,
1014 3549 1139 3612 acriter
1174 3568 1238 3631 pro

290 3644 523 3709 inobedientia
536 3654 573 3710 et
588 3647 780 3712 obstinacia
794 3656 986 3730 correptus,
1001 3648 1117 3712 divino
1132 3649 1238 3712 etiam

291 3743 433 3810 oraculo
458 3747 610 3824 territus,
632 3748 827 3811 consentire
846 3767 924 3811 cum
950 3749 1102 3813 maximo
1125 3749 1239 3812 cordis

291 3846 410 3910 dolore
442 3847 640 3928 compulsus
673 3854 737 3924 est,
767 3854 871 3930 atque
903 3848 958 3912 die
989 3848 1238 3912 Decollationis

292 3944 413 4013 Sancti
437 3943 610 4009 Jobannis
639 3946 811 4029 Baptistae
839 3944 899 4030 [29
921 3947 1044 4031 Aug.],
1070 3948 1240 4013 electione

307 4168 315 4203 ¹
334 4164 516 4228 deducentem]
533 4164 571 4214 Os
580 4165 719 4230 Sedunum,
728 4181 786 4214 now
797 4166 866 4229 Sion,
878 4167 919 4216 the
931 4169 1026 4230 capital
1038 4169 1066 4219 of
1074 4170 1116 4218 tbe
1125 4169 1222 4219 Valaia.
