2924 4852
321 383 388 450 188
519 445 521 448 Α
688 400 899 449 cusorncou

323 578 530 642 aequumque
543 557 712 642 judicium
736 559 934 641 peremnia
957 559 1160 625 observare:
1185 561 1272 625 etsi

323 659 406 741 quid
436 679 498 741 per
529 679 613 722 meae
647 659 841 742 juventutis
873 659 1172 742 intemperantiam
1210 668 1273 726 aut

323 758 569 841 negligentiam
599 758 766 823 hacteuus
799 768 926 843 praetor
953 759 989 823 id
1016 760 1109 843 quod
1136 760 1272 844 justum

323 865 399 922 erat
424 866 541 930 aetum
564 865 629 938 est,
655 866 779 935 totum,
798 859 875 923 Deo
892 859 1095 937 auxiliante,
1109 860 1272 944 deinceps

322 958 467 1040 dispono
483 959 676 1024 emendare.
728 958 861 1023 Idcirco
879 960 1043 1037 obtestor,
1059 967 1094 1024 et
1106 961 1272 1045 praecipio

322 1059 407 1122 meis
424 1059 639 1135 consiliariis,
655 1059 779 1141 quibus
796 1060 895 1140 regui
909 1060 1054 1124 consilia
1068 1061 1210 1139 credidi,
1228 1081 1271 1125 ue

322 1150 527 1237 ullomodo,
545 1167 607 1223 aut
621 1167 764 1242 propter
780 1159 936 1223 timorem
950 1160 1028 1238 mei,
1045 1169 1107 1224 aut
1122 1160 1270 1244 alicujus

322 1260 472 1341 potentis
504 1278 661 1342 personae
687 1260 851 1335 savorem,
878 1259 1030 1342 aliquam
1062 1260 1270 1344 injustitiam

323 1358 447 1423 amodo
478 1361 708 1437 consentiant,
734 1360 789 1423 vel
816 1359 994 1442 patiantur
1026 1360 1196 1443 pullulare
1233 1362 1270 1424 in

321 1460 416 1521 omui
431 1479 539 1541 regno
555 1480 643 1524 meo.
696 1459 867 1540 Praecipio
882 1460 987 1522 etiam
1002 1460 1160 1524 omnibus
1177 1461 1269 1525 vice·

321 1558 503 1622 comitibus
520 1567 555 1623 et
571 1559 766 1642 praepositis
790 1560 941 1623 universi
961 1562 1059 1641 regni
1081 1561 1160 1637 mei,
1178 1561 1270 1627 sicut

320 1676 432 1720 meam
459 1660 645 1723 amicitiam
671 1668 734 1723 aut
759 1678 860 1723 suam
884 1659 1032 1724 salutem
1056 1659 1181 1724 habero
1207 1682 1268 1726 vo·

320 1757 410 1834 lunt,
427 1765 464 1822 ut
483 1759 570 1823 nulli
583 1759 726 1836 homini,
741 1778 804 1823 nec
825 1759 925 1823 diviti
945 1779 1008 1824 neo
1027 1760 1182 1842 pauperi,
1200 1762 1269 1825 vim

320 1857 486 1941 injustam
508 1859 679 1940 inserant3
711 1850 975 1937 sed'omnibus‚
1000 1867 1070 1923 tarn
1095 1860 1268 1925 nobilibus

320 1977 425 2039 quam
440 1959 662 2040 ignobilibus,
684 1967 720 2023 et
742 1958 906 2023 divitibus
926 1967 960 2023 et
981 1962 1202 2043 pauperibus
1223 1962 1270 2026 sit

320 2057 373 2121 fas
386 2058 484 2142 justa
504 2059 582 2141 lege
603 2059 774 2143 potiundi,
791 2079 814 2123 a
830 2078 900 2142 qua
923 2079 986 2123 nec
1007 2069 1148 2144 propter
1169 2061 1268 2126 favo·

320 2178 391 2221 rem
410 2159 556 2240 regium,
574 2167 636 2223 aut
657 2159 804 2244 alicujus
824 2160 973 2242 potentis
996 2179 1189 2242 personam,
1204 2182 1268 2225 nec

319 2266 461 2341 propter
478 2259 562 2322 mihi
576 2259 855 2342 congregandam
870 2261 1062 2341 pecuniam,
1076 2260 1148 2323 ullo
1165 2262 1269 2326 modo

321 2357 496 2437 devietur;
522 2361 606 2442 quia
625 2360 720 2423 nulla
741 2359 824 2422 mihi
846 2361 1036 2425 necessitas
1058 2367 1124 2436 est,
1144 2368 1183 2425 ut
1202 2363 1268 2441 ini-¹

321 2477 391 2539 qua
412 2461 594 2524 exactione
620 2460 705 2524 mihi
727 2460 876 2544 pecunia
896 2469 1137 2543 congregetur.
1191 2460 1268 2543 Ego

320 2558 450 2639 itaque,
473 2561 564 2641 quod
587 2560 685 2625 vobis
707 2568 828 2624 notum
850 2560 924 2623 fieri
948 2560 1041 2638 volo,
1067 2560 1187 2624 eadem
1210 2563 1269 2626 via

319 2677 389 2740 qua
406 2660 500 2722 exivi
514 2660 723 2742 regredienS,
739 2660 1005 2728 Denemarciam
1023 2681 1076 2738 eo,
1093 2681 1215 2744 pacem
1232 2671 1268 2727 et

319 2757 455 2822 firmum
472 2767 624 2841 pactum,
646 2760 799 2824 omnium
823 2761 1002 2824 Danorum
1018 2761 1172 2838 consilio,
1188 2781 1267 2826 cum

318 2858 368 2921 eis
390 2860 552 2941 gentibus
573 2868 608 2924 et
626 2860 763 2943 populis
783 2861 1046 2943 compositurus,
1063 2862 1122 2942 qui
1140 2881 1208 2925 nos
1231 2869 1266 2927 et

318 2979 425 3041 regno
447 2969 483 3023 et
499 2960 574 3024 vita
590 2960 784 3043 privare,.si
806 2961 856 3025 eis
875 2961 1036 3042 possibile
1051 2968 1152 3037 esset,
1171 2961 1265 3026 vole·

317 3060 414 3136 bant,
446 3059 506 3123 sed
529 3080 599 3124 non
621 3067 802 3143 poterant3
837 3060 914 3124 Deo
944 3060 1075 3125 scilicet
1105 3062 1265 3125 virtutem

317 3178 434 3223 eorum
453 3159 660 3238 destruente,
676 3160 734 3242 qui
751 3179 815 3223 nos
832 3180 897 3224 sua
916 3161 1066 3241 benigna
1086 3161 1213 3243 pietate
1227 3163 1264 3225 iu

316 3279 424 3342 regno
446 3259 632 3324 ethonore
656 3266 848 3335 conservet,
864 3260 1085 3342 omniumque
1109 3261 1264 3325 inimico-

315 3380 392 3422 rum
414 3369 611 3424 nostrorum
636 3360 825 3444 potentiam
847 3367 883 3423 et
905 3359 1140 3424 fortitudinem
1168 3359 1264 3424 dein-

314 3479 396 3542 ceps
423 3460 568 3542 dissipet
593 3469 628 3525 et
651 3458 826 3524 annihilet.
888 3458 1091 3540 Composita
1115 3460 1264 3541 denique

314 3579 399 3642 pace
421 3579 499 3623 cum
524 3560 684 3642 gentibus
707 3579 785 3641 quae
807 3559 1011 3623 incircuitu
1035 3568 1153 3623 nostro
1171 3567 1264 3637 sunt,

313 3647 551 3742 dispositoque
572 3667 608 3723 et
631 3666 756 3743 pacato
776 3659 868 3723 omni
889 3678 997 3740 regno
1015 3670 1135 3723 nostro
1155 3660 1210 3723 bio
1225 3661 1261 3724 iu

315 3759 468 3836 Oriente,
485 3759 535 3823 ita
558 3765 598 3823 ut
616 3778 637 3822 a
654 3758 751 3822 nulla
767 3767 867 3842 parte
884 3758 1011 3822 bellum
1029 3766 1092 3822 aut
1115 3759 1262 3822 inimici-

314 3860 380 3923 tias
396 3859 589 3940 aliquorum
605 3858 725 3923 timere
739 3858 941 3935 habeamus,
957 3877 1061 3940 quam
1079 3858 1180 3922 citius
1196 3858 1262 3925 hac

312 3966 435 4022 aestate
454 3964 659 4042 apparatum
684 3958 814 4041 navigii
836 3977 1021 4040 procurare
1036 3966 1169 4041 potero,
1187 3956 1261 4022 An·
1367 4026 1371 4035 ,

311 4057 417 4138 gliam
446 4060 564 4122 venire
592 4058 748 4141 dispono.
801 4058 907 4122 Hanc
935 4064 1051 4121 autem
1078 4058 1261 4140 epistolam

310 4156 436 4221 idcirco
465 4153 628 4240 praemisi,
657 4166 696 4223 ut
722 4159 866 4222 demea
893 4157 1123 4240 prosperitate
1150 4159 1261 4221 omnis
