2940 4860
374 400 566 447 FLORENTII
596 399 876 448 WlGORNlENSlS.
1031 383 1096 449 113

145 556 238 639 ripas
261 557 414 640 praedam
433 568 551 640 agunt.
607 558 763 638 Quorum
791 559 930 623 nimiam
953 559 1096 625 infesta·

147 657 275 720 tionem
290 657 396 722 duces
413 659 629 736 nobilissimi,
651 659 871 737 AEthereduS,
888 659 1096 737 AEthelmus,

150 757 406 836 AEthelnothus,
423 760 608 842 caeterique
623 760 770 824 ministri
796 760 898 842 regis,
914 780 1002 842 quos
1023 759 1096 842 ipse

147 858 296 940 praesidii
326 877 432 923 causa
456 878 518 942 per
543 859 758 936 munitiones,
787 879 848 942 per
872 859 1011 942 oppida,
1035 880 1097 942 per

147 959 261 1035 urbes,
288 978 358 1022 non
381 958 495 1023 solum
521 959 556 1022 in
581 959 740 1024 orientali
761 959 867 1042 plaga
889 959 1096 1038 Pedredan,¹

149 1058 324 1122 sedetiam
338 1059 374 1122 in
389 1058 593 1123 occidentali
608 1059 714 1141 plaga
729 1059 896 1137 Sealwde,
907 1079 970 1124 nec
983 1060 1095 1124 solum

147 1159 181 1221 in
198 1159 354 1235 australi,
371 1158 432 1223 sed
454 1167 489 1223 et
502 1159 543 1222 in
554 1159 813 1241 septentrionali
827 1160 932 1242 plaga
947 1159 1097 1225 fluminis

149 1259 330 1322 Tamensis
360 1259 596 1337 constituerat,
621 1279 689 1324 non
715 1260 872 1337 ferentes,
901 1259 936 1323 iu
963 1259 1096 1325 hostem

150 1357 240 1422 haud
277 1359 446 1423 modicum
477 1370 690 1442 congregant
720 1361 921 1437 exercitum,
956 1360 1095 1426 Walen-

150 1458 256 1536 sibuS,
275 1458 335 1540 qui
351 1459 596 1531 occidentalem
619 1460 773 1524 Sabrinae
798 1460 937 1543 plagam
961 1460 1095 1524 inhabi-

150 1560 285 1636 tabant,
300 1559 365 1623 sibi
387 1560 423 1623 in
444 1560 612 1625 auxilium
634 1561 901 1627 occurrentibus.
948 1556 1257 1642 Congu-uerme-

149 1659 221 1723 bati
235 1659 352 1742 itaque
377 1659 413 1723 in
438 1680 555 1737 unum,
581 1660 713 1725 hostem
739 1662 870 1726 vadunt
892 1662 1096 1739 insecutum,
1108 1629 1244 1730 illitae.

57 1752 67 1766 “
148 1779 251 1842 quem
268 1760 361 1842 apud
379 1760 589 1841 Buttingtun
612 1760 647 1823 in
668 1761 744 1844 ripa
769 1761 924 1825 sabrinae
947 1750 1097 1826 fluminis

150 1860 252 1924 sitam
266 1860 605 1943 comprehenderunt,
622 1867 657 1925 et
672 1880 755 1925 mox
773 1861 808 1924 in
822 1860 1097 1944 quam-fugerant

151 1961 373 2024 munitionem
405 1981 450 2024 ex
486 1967 632 2044 utraque
666 1969 764 2043 parte
797 1961 906 2024 amnis
942 1962 1098 2025 obsidere

150 2069 337 2143 coeperunt.
391 2058 513 2125 Multis
525 2068 640 2126 autem
652 2061 801 2143 peractis
816 2061 1096 2138 hebdomadibus,
1119 2052 1121 2057 ’

152 2160 373 2242 Paganorum
415 2160 556 2243 quidam
596 2162 687 2225 fame
725 2161 926 2237 moriuntur,
960 2161 1098 2244 quidam

151 2281 244 2339 vero,
262 2262 358 2345 equis
371 2260 446 2345 jam
469 2263 641 2340 comestis,
657 2262 847 2326 munitione
868 2269 1099 2344 erumpentes

154 2361 315 2426 cumillis
339 2361 398 2442 qui
431 2362 467 2424 in
496 2363 655 2426 orientali
687 2369 784 2444 parte
812 2361 962 2425 fluminis
990 2368 1100 2440 erant,

152 2461 313 2542 proelium
348 2462 585 2537 committunt;
629 2462 690 2526 sed
723 2462 841 2527 multis
878 2462 1099 2543 Paganorum

153 2562 303 2626 millibus
339 2562 451 2638 caesis,
483 2562 684 2645 caeterisque
721 2563 878 2628 omnibus
910 2562 962 2624 in
981 2562 1099 2643 fugam

154 2663 273 2738 versis,
306 2660 494 2726 Christiani
524 2663 602 2727 loco
632 2663 761 2727 funeris
792 2663 1029 2726 dominantur:
1064 2662 1100 2725 in
1171 2706 1173 2708 -

152 2782 221 2844 qua
254 2781 372 2845 pugna
410 2761 547 2826 Ordeah
583 2763 826 2841 nobilissimae,
856 2762 1024 2844 multique
1058 2761 1101 2825 de

154 2862 318 2926 ministris
334 2862 425 2944 regis
440 2863 544 2926 ocomi
566 2871 657 2928 sunt.
710 2862 867 2945 Cumque
884 2861 1021 2944 Pagani
1043 2861 1102 2944 qui
1113 2877 1254 2968 ffffigllae‘

154 2963 373 3044 aufugerant,
389 2962 679 3026 East-Saxoniam
696 2965 835 3040 reversi,
856 2963 898 3027 ad
923 2981 1005 3027 suas
1027 2982 1101 3026 mu·
1113 2989 1180 3028 amr.

153 3062 299 3129 nitiones
315 3068 350 3127 et
374 3062 417 3125 ad
433 3082 539 3126 naves
553 3063 740 3142 venissent,
757 3063 867 3128 hieme
880 3063 953 3147 jam
970 3062 1101 3126 incum-
1222 3056 1243 3068 '⁴

155 3165 443 3244 bente,.‚magnum
465 3183 584 3226 rursus
606 3163 649 3226 de
671 3163 906 3246 East-Anglia
920 3171 954 3227 et
970 3162 1102 3227 North·

153 3263 311 3346 hymbria
329 3263 518 3327 exercitum
532 3272 744 3346 congregant
757 3285 765 3343 3
789 3263 1102 3343 commendatisque

149 3363 333 3440 uxoribus,
363 3363 518 3444 pecunia,
564 3365 777 3447 navibusque
811 3364 882 3427 suis
918 3363 954 3425 in
998 3361 1101 3425 East·

155 3462 295 3546 Anglia,
321 3464 518 3546 relictisque
546 3464 805 3541 munitionibus,
831 3461 1102 3554 sinetintermis-

154 3565 250 3628 sione
278 3564 345 3628 iter
372 3570 493 3645 agunt,
519 3570 555 3629 et
579 3564 764 3628 Civitatem
794 3562 1255 3670 L⁸g1⁰¹¹⁰m2tu¹1⁰gg¹gffitl

153 3665 317 3746 temporis
354 3663 536 3741 desertam,
566 3683 645 3746 quae
674 3663 845 3728 Saxonice
876 3664 1104 3744 Legeceaster
1233 3655 1238 3668 '

153 3765 290 3841 dicitur,
327 3764 527 3846 priusquam
557 3764 648 3846 regis
682 3764 827 3828 AElfredi
857 3771 891 3828 et
926 3762 1104 3827 AEtheredi

153 3864 331 3946 subreguli
345 3865 530 3941 exercitus,
547 3864 607 3946 qui
628 3864 706 3928 illos
729 3865 905 3928 insecutus
928 3870 993 3939 est,
1008 3881 1102 3927 asse·

153 3966 213 4046 qui
234 3972 408 4047 poterant,
437 3965 589 4029 intrant:
615 3964 799 4028 nonnullos
827 3973 942 4028 tamen
965 3962 1102 4026 illorum

531 4189 537 4221 ¹
557 4193 610 4242 The
623 4193 722 4243 Parret.
