2940 4860
379 394 444 457 102
745 408 953 456 cuaomcoa

236 583 351 625 anmi.
431 570 454 601 “
468 563 661 630 Praedictus
694 565 914 648 Paganorum
943 567 1127 644 exercitus,
1158 566 1331 629 civitatem

47 722 65 748 ,
221 653 357 749 ᾗξξὲᾓῖζ,
385 665 555 730 Parisiam
582 667 819 748 derelinquens
846 666 1062 746 incolumem,
1078 687 1118 731 eo
1137 667 1227 749 quod
1250 665 1333 729 sibi-

383 774 454 830 met
478 767 579 831 aliter
608 767 772 849 prolicere
800 786 867 830 non
894 774 1044 850 poterat,
1066 767 1212 831 classem
1234 785 1333 829 snam

384 873 505 930 eontra
513 867 709 948 Sequanam
724 865 829 948 longe
839 867 1039 948 remigando
1052 865 1182 930 tamdiu
1194 866 1333 942 direxit,

384 965 493 1030 donec
524 965 568 1029 ad
595 967 722 1030 ostium
750 965 898 1030 fluminis
926 967 1017 1049 quod
1041 966 1202 1030 Materne
1227 967 1334 1029 nomi-

384 1073 488 1130 netur
510 1066 746 1148 pervenisset3
770 1074 851 1130 tunc
862 1066 1056 1148 Sequanam
1073 1067 1282 1142 deserentes
1297 1066 1332 1127 in

226 1185 364 1234 mamaea
385 1166 510 1229 ostium
527 1165 676 1229 fluminis
688 1163 875 1230 Maternae¹
886 1165 1082 1240 divertunt;
1107 1172 1227 1229 contra
1241 1164 1335 1246 quod

224 1235 333 1284 ΨΜ
385 1265 443 1328 diu
460 1285 501 1328 ac
524 1264 628 1347 longe
648 1265 863 1346 navigantem
879 1264 1015 1328 demum
1030 1285 1099 1328 non
1121 1265 1193 1328 sine
1216 1264 1335 1329 labore

385 1365 558 1446 usquead
581 1365 692 1428 locum
720 1365 780 1446 qui
804 1363 930 1428 dicitur
954 1364 1080 1442 Caziei,
1103 1364 1138 1427 id
1163 1371 1216 1428 est
1239 1363 1336 1430 Villa

386 1463 511 1545 Regia,
540 1471 791 1545 pervenerunt3
824 1464 859 1526 in
888 1483 957 1545 quo
980 1466 1058 1529 loco
1086 1483 1176 1528 anno
1198 1464 1335 1546 integro

385 1562 632 1628 hiemaverunt.
683 1564 848 1646 Sequenti
873 1583 963 1629 anno
988 1565 1024 1628 in
1044 1565 1171 1628 ostium
1186 1563 1335 1629 fluminis

385 1662 479 1745 quod
506 1663 630 1727 dicitur
654 1661 755 1727 Iona²
772 1665 1000 1741 intraverunt,
1017 1684 1087 1728 non
1113 1665 1186 1728 sine
1209 1684 1336 1746 magno

385 1763 536 1844 regionis
551 1762 676 1827 damno
689 1784 697 1843 3
726 1770 760 1827 et
782 1764 853 1827 illic
868 1765 1030 1829 remorati
1045 1772 1126 1827 sunt
1140 1784 1209 1829 uno
1232 1785 1335 1831 anno.

225 1883 327 1924 maror
387 1862 516 1926 Eodem
543 1883 631 1927 anno
652 1863 805 1928 Karalus
830 1863 1039 1928 Francorum
1063 1884 1125 1928 rex
1141 1865 1234 1929 viam
1258 1866 1334 1929 uni-

225 1935 311 2024 iiiil'
322 1933 376 1983 ΗΜ
387 1981 496 2027 versae
514 1964 626 2027 carnis
649 1963 752 2042 adiit3
776 1963 836 2027 sed
863 1963 1000 2041 Arnulf,
1016 1964 1106 2028 filius
1130 1963 1246 2029 fratris
1270 1965 1336 2041 sui,

226 2034 315 2074 mli
387 2069 489 2127 sexta
503 2062 881 2145 antequamdefunctus
896 2071 986 2128 esset
1002 2063 1227 2141 hebdomada,
1238 2065 1336 2128 illum

228 2183 359 2223 noraonor
388 2181 495 2242 regno
522 2163 714 2244 expulerat.
768 2162 848 2241 Quo
864 2165 981 2227 statim
996 2163 1169 2241 defuncto,
1184 2164 1334 2247 quinque

227 2234 358 2284 'mmmm
388 2280 487 2342 reges
503 2261 650 2326 ordinati
667 2269 759 2339 sunt,
778 2282 989 2345 regnumque
1006 2264 1041 2327 in
1056 2265 1205 2346 quinque
1219 2272 1335 2347 partes

389 2361 537 2424 divisum
553 2368 625 2427 est:
649 2362 709 2425 sed
725 2368 840 2425 tamen
854 2363 1052 2446 principalis
1069 2362 1166 2427 sedes
1181 2365 1278 2444 regni
1294 2364 1337 2428 ad

389 2458 576 2524 Arnulsum
598 2461 694 2543 juste
721 2468 756 2524 et
781 2462 903 2526 merito
926 2463 1094 2544 pervenit,
1117 2463 1185 2526 nisi
1211 2465 1337 2528 solum-

388 2558 490 2622 modo
518 2559 610 2641 quod
636 2560 672 2621 in
693 2566 852 2641 patruum
878 2580 978 2625 suum
1006 2562 1144 2644 indigne
1168 2565 1337 2645 peccavit.

390 2655 518 2720 Caeteri
541 2663 690 2739 quatuor
715 2677 814 2739 reges
839 2659 1036 2726 fidelitatem
1057 2668 1092 2725 et
1110 2663 1338 2728 obedientiam

389 2755 550 2833 Amulio,
566 2758 657 2821 sicut
683 2758 825 2839 dignum
848 2767 934 2836 erat,
951 2762 1200 2843 promiserunt3
1223 2763 1339 2827 nullus

389 2857 480 2920 enim
503 2855 639 2918 illorum
666 2864 815 2937 quatuor
839 2878 959 2939 regum
984 2861 1222 2927 haereditarius
1246 2863 1338 2926 illius

389 2956 487 3035 regni
504 2961 579 3018 erat
602 2955 637 3017 in
658 2964 803 3037 paterna
819 2964 930 3040 parte,
946 2960 1012 3023 nisi
1039 2961 1133 3025 solus
1158 2961 1338 3027 Arnulsus

392 3053 552 3137 Quinque
562 3056 679 3137 itaque
695 3076 793 3138 reges
807 3058 998 3136 confestim,
1012 3059 1145 3125 Karolo
1160 3063 1337 3139 moriente,

389 3154 540 3217 ordinati
560 3163 653 3235 sunt,
668 3157 729 3221 sed
752 3158 932 3241 imperium
954 3179 1058 3241 penes
1084 3158 1268 3225 Arnulfum
1284 3182 1338 3225 re·

389 3254 527 3318 mansit.
581 3256 678 3320 Talis
705 3278 786 3339 ergo
812 3258 905 3321 illius
934 3260 1030 3339 regni
1048 3261 1164 3324 extitit
1190 3261 1336 3326 divisio:

388 3351 522 3417 Arnulf
528 3355 711 3419 orientales
722 3358 878 3438 regiones
893 3357 1006 3422 Hreni
1021 3358 1183 3437 fluminiS,
1203 3360 1337 3425 Hroth-

388 3451 444 3515 ulf
476 3474 613 3536 quoque
636 3455 804 3519 internam
827 3464 961 3538 partem
988 3460 1097 3540 regni,
1137 3460 1214 3524 Oda
1247 3461 1336 3525 occi-

388 3552 525 3616 dentale
551 3573 706 3634 regnum,
723 3557 904 3639 Beorngar
931 3566 966 3623 et
987 3559 1110 3623 Witha
1135 3559 1336 3642 Longobar-

388 3651 491 3729 diam,
518 3672 650 3717 necnon
674 3662 709 3718 et
731 3655 809 3720 illas
841 3664 958 3739 partes
984 3678 1062 3741 quae
1088 3660 1123 3722 in
1151 3660 1212 3724 illa
1237 3668 1337 3741 parte

386 3753 513 3816 montis
542 3760 634 3817 sunt.
688 3754 763 3818 Nec
790 3763 906 3820 tamen
931 3765 1031 3822 tanta
1057 3766 1093 3822 et
1117 3759 1204 3823 talia
1228 3779 1336 3840 regna

387 3853 479 3916 inter
508 3871 545 3915 se
575 3853 718 3934 pacifice
755 3864 1001 3936 servaverunt3
1040 3878 1120 3922 narn
1149 3860 1202 3923 bis
1232 3861 1335 3941 pleno

385 3951 508 4037 proelio
532 3951 620 4014 iuter
645 3972 682 4016 se
706 3953 964 4036 belligeravere,
979 3957 1108 4040 illaque
1128 3979 1236 4041 regna
1258 3980 1335 4042 per-

385 4073 477 4137 saepe
503 4050 649 4115 invicem
674 4053 911 4133 devastavere,
934 4062 969 4119 et
992 4060 1226 4142 unusquisque
1251 4061 1335 4124 alte-

418 4215 425 4246 ¹
443 4214 574 4277 Materna]
587 4215 713 4278 Matrona,
724 4216 766 4265 the
774 4217 872 4267 Marce.
924 4214 929 4284 Ι
978 4216 1081 4282 ²Iono.]
1099 4221 1152 4272 The
1172 4224 1269 4275 Yonne.
