2940 4860
361 391 427 459 152
732 406 940 455 cunourcou

201 581 327 672 {purum
370 564 525 643 consilio,
546 564 589 629 ad
612 571 672 629 eds
696 563 832 645 legatos
856 564 961 642 misit,
983 563 1187 645 promittens
1212 563 1318 628 tribu·

241 659 248 673 ’
372 672 445 729 tum
468 671 503 728 et
523 664 731 747 stipendium
754 683 796 728 ea
818 663 1044 729 conventione
1068 662 1137 726 iliis
1159 683 1197 727 se
1219 663 1318 727 datu·

371 784 461 840 rum,
487 770 527 828 ut
555 783 663 828 asna
696 763 901 828 crudelitate
929 763 1067 827 omuino
1094 762 1318 842 desisterent;

372 864 432 947 qui
447 864 607 946 petitioni
623 863 717 945 regis
733 863 1001 945 acquiescentes,
1016 862 1058 926 ad
1075 879 1157 926 suus
1172 862 1320 944 regressi

372 968 454 1027 sunt
469 982 588 1041 naves,
605 969 640 1027 et
657 963 707 1026 sic
724 962 769 1026 ad
791 961 1001 1026 Suthamtun
1016 968 1111 1027 totus
1128 980 1319 1044 congrega·

372 1069 430 1127 tus
461 1063 634 1127 exercitus
667 1062 793 1126 ibidem
821 1062 1081 1140 hiemaverunt3
1113 1061 1238 1142 quibus
1275 1053 1318 1124 de

371 1168 447 1229 tota
468 1161 743 1228 west-Saxonis
762 1161 971 1244 stipendium
990 1160 1157 1235 dabatur3
1181 1160 1224 1223 de
1243 1167 1320 1224 tota

372 1281 455 1326 vero
470 1261 601 1344 Anglia
614 1261 795 1338 tributum,
806 1261 897 1342 quod
913 1267 989 1324 erat
1004 1273 1080 1325 xvi.
1095 1259 1203 1323 millia
1217 1259 1320 1322 libra-

137 1364 141 1370 ’
210 1377 356 1467 mum
372 1381 460 1438 rum,
476 1360 743 1443 dependebatur.
797 1359 947 1438 Interea,
966 1359 1069 1442 jussu
1092 1359 1183 1440 regis
1200 1359 1319 1440 AEgel·

211 1476 320 1523 manee
372 1460 457 1537 redi,
465 1459 713 1524 Wintoniensis
725 1459 907 1541 episcopus
919 1458 1113 1541 Alphegus,
1129 1458 1321 1540 nobilisque

373 1559 444 1622 dux
461 1558 716 1641 AEtbelwardus
732 1577 847 1639 regem
863 1556 1029 1623 Anlafum
1044 1558 1214 1634 adierunt,
1229 1558 1320 1622 obsi-

246 1657 250 1662 ’
374 1659 543 1740 dibusque
558 1658 660 1735 datis,
677 1656 774 1721 ilium
796 1658 841 1721 ad
859 1658 991 1739 regiam
1009 1657 1127 1722 villam
1145 1656 1320 1721 Andeafa-

374 1776 449 1836 ran,
464 1758 523 1822 ubi
544 1777 605 1821 rex
628 1758 800 1833 manebat,
824 1776 902 1821 cum
927 1756 1057 1821 honore
1081 1757 1318 1831 deduxerunt;

376 1876 477 1939 quem
501 1875 564 1922 rex
584 1856 771 1921 honorifice
790 1857 954 1939 suscepit,
976 1855 1169 1921 confirmari
1187 1858 1231 1920 ab
1250 1857 1322 1938 epi-

376 1976 481 2039 scopo
512 1955 606 2034 fecit,
633 1956 699 2020 sibi
729 1957 766 2020 in
797 1955 906 2020 filium
935 1955 1127 2038 adoptavit,
1158 1956 1322 2037 regioque

212 2072 318 2122 nomm
326 2076 364 2112 not
377 2075 517 2120 munere
531 2056 693 2120 donavit:
720 2055 778 2118 ille
793 2074 875 2119 vero
892 2075 929 2120 se
944 2076 1013 2120 non
1026 2055 1174 2138 amplius
1188 2055 1232 2118 ad
1247 2055 1321 2119 An-

213 2123 320 2262 Ξυὲιῖἒῗ
376 2156 482 2236 giiam
520 2176 597 2219 cum
632 2155 788 2219 exercitu
814 2161 1008 2233 venturum,
1041 2156 1114 2236 regi
1138 2154 1323 2234 AEgelredo

214 2281 282 2323 amr.
376 2256 544 2338 promisit,
570 2261 605 2319 et
637 2255 681 2318 ad
711 2273 817 2318 naves
846 2262 968 2336 postea
991 2254 1105 2331 rediit,
1132 2261 1322 2336 aestateque

376 2354 574 2418 imminente
605 2353 649 2418 ad
678 2354 827 2437 patriam
854 2353 1029 2430 devectus,
1059 2373 1123 2420 sua
1155 2354 1323 2436 promissa

376 2454 462 2518 bene
480 2451 690 2517 custodivit.¹
870 2517 873 2520 Δ

231 2571 258 2610 Δ.
266 2569 294 2609 1>-
303 2571 348 2609 ns.
428 2552 572 2617 Cometa
592 2554 688 2618 visus
712 2560 775 2618 est.
821 2553 943 2618 Siricio
969 2554 1195 2619 Doruberniae
1213 2554 1323 2618 erchi-

214 2635 359 2734 2b⁰ffim
376 2651 538 2734 episcopo
552 2653 720 2738 successit
734 2652 887 2717 Alfricus
901 2654 1089 2717 monachus
1102 2652 1324 2718 Glastonien·

215 2737 327 2833 wi,
376 2751 436 2829 sis,
460 2751 742 2816 Wiltuniensium
769 2754 964 2837 episcopus,
992 2753 1111 2835 illique
1139 2751 1322 2818 successit¹

215 2833 420 2930 {dirutas
435 2849 641 2916 wiltuniam
664 2852 908 2916 uuntwouus.
953 2851 1219 2917 nauseae-u
1240 2853 1324 2916 uci-

216 2934 357 3024 ξ’,ῐῖὲῖῃω
376 2956 434 3013 tur
450 2950 564 3015 insula
584 2970 662 3033 qnae
680 2971 700 3015 a
716 2951 823 3041 uulgo
837 2951 1088 3033 Halig·ealond
1108 2952 1322 3034 appellatur:

376 3050 413 3113 in
437 3050 525 3113 mari
545 3050 612 3115 sita
631 3057 694 3128 est,
717 3053 820 3116 maris
839 3070 994 3116 recessus
1017 3052 1170 3133 quotidie
1193 3052 1324 3116 intran-

377 3149 469 3212 tibus
496 3149 625 3215 siccum
647 3152 778 3232 praebet
802 3152 879 3216 iter.
932 3150 975 3215 In
997 3150 1063 3215 hac
1087 3151 1200 3215 insula
1226 3151 1325 3215 sedes

378 3243 583 3332 episcopalis
607 3249 674 3314 fuit
696 3249 877 3314 cuthberti
905 3257 939 3313 et
963 3257 1217 3315 antecessorum
1237 3250 1324 3335 ejus,

217 3354 354 3447 ffipssceffl
377 3366 616 3412 successorum
645 3368 783 3431 quoque
809 3349 918 3414 multo
944 3357 1108 3431 tempore.
1160 3350 1212 3413 Ea
1244 3370 1325 3414 vero

218 3444 285 3496 berit·
378 3453 596 3529 tempestate,
627 3468 697 3530 qua
731 3448 895 3530 Hinguar
927 3456 962 3512 et
994 3448 1126 3512 Hubba
1159 3448 1324 3530 Angliam

377 3545 629 3624 vastaverunt,2
651 3546 849 3625 Bardulfus,
872 3548 931 3632 qui
953 3548 1234 3630 tuncepiscopus
1250 3555 1325 3612 erat

378 3643 667 3710 lindisfarnensis
688 3647 854 3725 ecclesiae,
869 3667 948 3711 cum
969 3648 1023 3711 his
1041 3647 1100 3729 qui
1120 3647 1156 3710 in
1180 3647 1326 3711 ecclesia

378 3752 488 3822 erant,
513 3747 749 3828 incorruptum
775 3746 809 3809 S.
836 3746 1018 3811 Cutbberti
1041 3765 1166 3828 corpus
1190 3746 1325 3823 tollens,

377 3841 527 3908 insulam
549 3845 698 3927 reliquit,
729 3853 871 3928 propter
893 3847 1116 3911 barbarorum
1133 3845 1325 3909 immanita-

379 3949 460 4019 tem,
477 3951 512 4008 et
528 3963 590 4026 per
606 3944 739 4026 aliquot
757 3965 865 4011 annos
882 3947 1023 4011 incertis
1040 3945 1179 4010 sedibus
1194 3965 1271 4009 cum
1288 3945 1324 4009 S.

446 4151 453 4180 ¹
473 4156 533 4205 Sax.
546 4156 639 4208 Chron.
869 4153 879 4184 ²
901 4159 1083 4222 Variacum]
1101 4161 1247 4212 Α.1).875.
