2940 4860
379 409 572 457 nnoaunru
600 410 883 460 wrconnmnsrs.
1041 397 1103 461 121

155 565 391 646 'Peotanhele1
407 569 497 633 inter
515 568 650 651 Anglos
665 577 699 634 et
721 569 849 647 Dauos,
861 571 996 651 insigne
1011 589 1104 654 proe-

76 669 82 677 '
153 666 238 731 lium
263 675 379 731 actum
403 674 467 746 est,
485 670 545 733 sed
570 668 677 752 Angli
703 671 806 753 potiti
832 677 913 734 sunt
937 669 1105 735 victoria.2

154 767 285 832 Eodem
301 787 392 833 anno
409 769 613 834 victoriosus
640 790 702 834 rex
726 770 951 848 Eadwardus,
968 778 1104 834 centum

153 887 259 932 naves
274 869 485 950 coadunans,
503 870 629 934 milites
641 871 736 953 legit,
753 890 859 935 naves
877 871 1104 935 conscendere

149 966 267 1051 jussit,
282 969 415 1051 sibique
428 989 489 1052 per
504 977 631 1034 terram
645 970 711 1034 iter
726 969 860 1035 facturo
875 990 1054 1035 occurrere
1069 973 1105 1035 in

156 1067 281 1132 Cantia
309 1070 486 1152 praecepit.
538 1069 677 1134 Interea
706 1071 885 1135 Danorum
920 1072 1104 1149 exercitus,

79 1166 81 1172 ’
156 1169 215 1250 qui
240 1168 550 1252 Northhymbriam
577 1170 828 1248 inhabitabant,
854 1171 983 1234 foedere
1012 1171 1104 1252 quod

155 1288 232 1332 cum
258 1288 299 1333 eo
316 1276 510 1334 statuerant
528 1289 646 1334 rursus
671 1270 822 1354 dirupto,
837 1278 872 1334 et
888 1271 981 1334 omni
1006 1271 1104 1335 recti·

154 1369 282 1446 tudine,
298 1390 402 1452 quam
417 1371 493 1452 ipse
515 1371 637 1452 suique
652 1372 817 1453 primates
832 1370 881 1434 eis
896 1370 1105 1449 obtulerant,

153 1476 281 1552 spreta,
308 1489 411 1552 agros
438 1470 647 1535 Merciorum
673 1490 761 1536 ausu
788 1471 969 1536 temerario
999 1471 1104 1555 depo·

153 1570 265 1652 pulati
294 1579 397 1650 sunt;
436 1571 648 1635 aestimantes
677 1591 760 1635 sane
791 1571 904 1654 majus
933 1572 1037 1635 robur
1069 1573 1105 1636 in

155 1671 301 1734 naribus
316 1689 402 1747 esse,
420 1678 455 1734 et
476 1690 514 1734 se
529 1690 734 1753 quocunque
750 1671 879 1736 vellent
893 1672 966 1736 sine
981 1671 1104 1754 proelio

154 1769 203 1833 ire
239 1790 351 1852 posse.
405 1769 508 1849 Quod
545 1772 605 1835 ubi
640 1792 702 1836 rex
740 1772 884 1849 audivit,
914 1773 1103 1837 exercitum

155 1870 451 1935 West-Saxonum
485 1872 586 1935 simul
617 1879 652 1936 et
684 1872 892 1936 Merciorum
922 1872 964 1935 ad
992 1873 1103 1954 repel-

154 1969 273 2034 lendos
291 1991 350 2035 eos
368 1971 480 2050 misit3
504 1973 564 2054 qui
587 1992 666 2036 cum
686 1972 765 2035 ilios
789 1992 811 2035 a
833 1972 1103 2054 depopulatione

155 2078 377 2149 revertentes,
393 2072 427 2134 in
442 2091 565 2154 campo
580 2073 640 2156 qui
655 2072 773 2153 lingua
789 2071 981 2154 Anglorum
997 2071 1103 2137 Wod·
1115 2095 1260 2136 maanu-

156 2171 286 2236 nesfeld
309 2171 435 2235 dicitur
449 2172 796 2254 comprehendissent,
811 2172 898 2237 duos
923 2191 1021 2254 reges
1046 2147 1212 2236 eossn⁰⁸⁰⁰¹ffi

154 2291 231 2334 rum
250 2271 377 2336 Eowils
395 2277 430 2336 et
445 2271 631 2350 Halfdene,
648 2271 773 2337 fratres
798 2273 890 2354 regis
917 2272 1105 2353 Hinguari,

155 2372 365 2454 comitesque
408 2372 506 2449 duoS,
538 2373 648 2437 Ohter
681 2379 716 2436 et
747 2372 881 2449 Scurfa,
913 2392 1106 2454 novemque

154 2491 312 2553 proceres
327 2465 536 2550 nobiliores,⁸
550 2474 727 2555 multaque
738 2472 847 2537 millia
861 2472 1105 2553 extinxerunt3

154 2573 356 2654 caeterisque
371 2572 513 2654 sugatis,
528 2592 661 2637 omnem
684 2574 837 2654 praedam
853 2571 1108 2638 excusserunt.⁴

158 2672 363 2754 AEgelfleda,
396 2673 604 2737 Merciorum
630 2673 780 2751 domina,
803 2675 921 2737 urbem
948 2674 1241 2758 &emes-nnuma

154 2774 255 2856 byrig
270 2768 505 2837 construxit?
1117 2748 1246 2851 ἷῖζῗῗζιῗζῗ

207 2873 354 2938 Eximiae
383 2874 436 2938 vir
461 2874 654 2954 probitatis
680 2874 752 2937 dux
777 2882 812 2939 et
837 2874 1014 2956 patricius,
1044 2874 1105 2938 do·
1134 2896 1160 2935 1.
1169 2894 1195 2933 n.
1205 2893 1250 2932 912.

157 2975 269 3037 minus
285 2981 320 3038 et
333 2973 538 3056 subregulus
557 2974 779 3052 Merciorum,
793 2974 1012 3051 AEtheredus,
1028 2981 1107 3057 post
1118 2959 1268 3052 ffissfflffl

156 3074 321 3138 nonnulla
342 3094 420 3156 quae
441 3080 558 3156 egerat
575 3075 678 3151 bona,
703 3075 851 3139 decessit
860 3072 884 3152 ;4
905 3082 985 3158 post
1007 3063 1226 3158 cujusfflffl·

156 3183 301 3239 mortem
316 3194 404 3238 uxor
418 3173 511 3238 illius
528 3174 733 3255 AEgelfleda,
749 3177 840 3258 regis
857 3175 1002 3238 AElfredi
1025 3175 1106 3251 filia,

155 3296 298 3358 reguum
312 3275 533 3352 Merciorum,
549 3275 703 3357 exceptis
721 3275 900 3339 Lundonia
916 3281 950 3338 et
966 3274 1107 3338 Oxeno-

156 3375 265 3452 forda,
289 3395 376 3458 quas
401 3394 485 3438 suus
508 3394 691 3457 germanus
719 3396 780 3439 rex
806 3374 1018 3438 Eadwardus
1041 3374 1106 3437 sibi

156 3475 307 3554 retinuit,
322 3475 412 3539 baud
429 3475 525 3539 brevi
540 3482 694 3558 tempore
710 3476 943 3539 strenuissime
961 3475 1082 3538 tenuit.

190 3757 199 3790 ¹
218 3759 379 3822 Teotanbelr]
408 3761 425 3809 i.
439 3775 461 3811 e.
479 3759 618 3809 Tetonhele
642 3761 713 3822 hold,
723 3759 805 3808 Anlaf
818 3760 860 3808 the
873 3757 964 3819 Black,
973 3757 1108 3807 Thurferth

151 3831 442 3893 juxtqusrehampton.
458 3829 618 3893 drumm.
644 3830 686 3879 the
703 3831 773 3893 hold,
788 3829 892 3880 Osferth
906 3829 1005 3890 Hlytte,
1023 3827 1105 3878 Guth-

154 3917 218 3951 mun.
229 3916 277 3951 rec.
644 3900 710 3950 ferth
721 3901 763 3950 the
775 3901 843 3963 hold,
859 3899 909 3948 und
925 3898 1046 3961 Agmund
1065 3899 1108 3948 the

188 3969 199 3999 ²
214 3972 275 4020 Sex.
288 3970 380 4021 Chron.
393 3986 417 4020 a.
432 3974 489 4020 910.
519 3969 616 4030 6Aug.
645 3971 713 4022 bold.

190 4043 200 4074 ³
218 4035 378 4110 Nobiliorem]
397 4040 496 4103 Among
504 4040 546 4089 the
555 4040 621 4088 alain
681 4070 759 4121 ,sax
780 4071 865 4121 ebron

153 4112 196 4160 the
219 4111 353 4161 Chronicle
381 4112 435 4160 also
463 4115 621 4160 enumerates
762 4109 767 4121 '
867 4106 874 4121 ⁸

155 4181 250 4231 01111111
269 4182 311 4231 the
333 4182 404 4244 hold,
427 4181 556 4244 Benesing
577 4181 620 4229 the
682 4174 768 4224 ⁵Sax.
781 4174 874 4224 Ghrou.
887 4189 910 4224 a.
923 4177 981 4224 910.
