2940 4860
326 382 392 450 212
694 393 902 444 canonicos

335 557 549 630 clericorum,
589 552 794 635 puellarum,
833 562 869 618 et
911 552 1077 620 laicorum
1121 575 1291 638 magnam

336 657 489 723 scholam
526 654 687 732 babebat,
719 654 921 737 puellasque
952 674 1047 719 moro
1083 656 1293 721 clericorum

337 757 514 833 tondebat,
540 755 794 838 propterquod
818 755 922 820 etiam
944 755 987 821 de
1009 755 1180 821 Hibernia
1206 776 1291 840 pro-

334 859 449 945 jectus
467 854 562 936 est.¹]

190 982 318 1027 aaron.
391 959 559 1023 Strenuus
600 956 672 1019 dux
718 954 1056 1042 Northbymbrorum
1096 957 1290 1034 Siwardns,

177 1051 315 1142 {ww
336 1059 438 1144 jussu
476 1057 580 1138 regis,
617 1075 696 1120 curn
732 1058 883 1137 equestri
921 1057 1076 1122 exercitu
1108 1065 1145 1123 ct
1174 1058 1291 1122 ciasse

176 1150 329 1248 ῑῆἱξζέὧξω
342 1159 457 1224 valida
490 1157 659 1223 Scottiam
690 1155 789 1232 adiit,
816 1163 955 1222 etcum
980 1176 1061 1239 rege
1088 1157 1292 1224 Scottorum

344 1258 553 1324 Macbeotba
579 1256 738 1341 proelium
761 1257 945 1336 commisit,
968 1276 1009 1322 ac
1039 1259 1156 1323 multis
1183 1258 1291 1323 milli-

343 1362 407 1424 bus
427 1359 636 1435 Scottorum,
652 1364 686 1421 et
704 1356 931 1422 Nortmannis
953 1360 1121 1437 omnibus,
1138 1378 1290 1443 quorum

343 1479 450 1542 supra
471 1459 614 1522 fecimus
637 1457 854 1535 mentionem,
872 1458 1006 1535 occisis,
1025 1459 1123 1523 ilium
1139 1458 1292 1541 fugavit,

181 1582 298 1625 auriana
343 1567 378 1623 et
402 1558 640 1634 Malcoimum,
662 1558 752 1639 regis
775 1557 1004 1623 cumbrorum
1027 1559 1147 1636 filiurn,
1164 1566 1204 1624 ut
1227 1578 1292 1625 rex

180 1633 314 1725 iiiiii?
338 1659 504 1744 jusserat,
526 1677 640 1740 regem
665 1658 856 1722 constituit.
909 1658 951 1722 In
970 1679 1012 1724 eo
1034 1667 1149 1724 tamen
1166 1660 1292 1743 proelio

344 1780 428 1824 suus
445 1759 536 1823 filius
559 1764 594 1822 et
614 1757 715 1822 multi
732 1757 923 1840 Anglorum
943 1767 980 1824 et
1006 1760 1186 1825 Danorum
1202 1761 1294 1825 caci-

182 1875 323 1928 nnssudrod
345 1857 495 1925 derunt.²
571 1858 702 1922 Eodem
738 1878 841 1936 anno,
882 1858 918 1922 in
962 1858 1152 1924 festivitate
1181 1861 1295 1925 sancti

196 1937 292 1968 00⁸0ssss

182 1941 272 2019 inmun
281 1981 302 2016 to
346 1960 508 2025 Kenelmi
522 1959 683 2042 martyris
699 1959 759 2042 [17
773 1959 796 2023 J
800 1959 878 2040 ul.]‚
894 1957 1067 2025 Aldrcdus
1081 1960 1292 2044 Wigornen·

182 2032 332 2077 ¹¹¹⁶⁰m⁹“⁰¹'
345 2063 393 2126 sis
417 2061 600 2143 episcopus
626 2058 813 2124 Godricum
839 2059 999 2124 abbatem
1019 2061 1295 2126 Wincolcnmbae

345 2161 542 2240 constituit3
561 2160 639 2224 dein
656 2160 790 2243 magnis
807 2179 884 2225 curn
902 2161 1015 2226 xeniis
1030 2163 1122 2243 regis
1136 2161 1296 2244 iungitur

345 2261 520 2344 legatione
546 2259 590 2324 ad
616 2261 880 2342 imperatorem
916 2280 939 2324 a
963 2281 1033 2345 quo
1057 2262 1159 2327 simul
1186 2270 1222 2326 nt
1249 2263 1295 2327 ab

348 2362 563 2427 Herimanno
581 2359 780 2426 Coloniensi
802 2360 1055 2444 archipraesule,
1070 2382 1198 2446 magno
1215 2382 1294 2427 sus·

344 2470 468 2546 ceptus
480 2462 621 2538 honore,
630 2462 756 2527 ibidem
765 2481 827 2545 per
835 2462 1007 2544 integrum
1016 2483 1142 2527 annum
1150 2464 1296 2544 mansit;

347 2571 381 2626 et
401 2563 492 2643 regis
512 2581 556 2625 ex
577 2569 676 2644 parte
697 2563 896 2644 imperatori
912 2564 1099 2647 suggessit,
1113 2572 1154 2629 ut
1167 2564 1297 2646 legatis

349 2661 541 2742 Ungariam
571 2662 698 2739 missis,
726 2663 807 2726 inde
836 2662 1035 2729 fratruelem
1064 2683 1164 2729 suurn
1200 2664 1297 2729 Ead-

348 2762 514 2835 cardum,
530 2762 622 2842 regis
638 2761 796 2826 videlicet
811 2763 1006 2829 Eadmundi
1022 2765 1140 2830 Ferrci
1158 2764 1298 2830 Lateris

348 2861 468 2938 filium,
484 2861 674 2939 reduceret,
691 2860 926 2948 Angliamqua
942 2866 1057 2930 venire
1069 2856 1224 2931 faceret.³

198 2979 327 3020 annua
398 2961 573 3026 Siwardus
610 2962 680 3026 dux
722 2962 1105 3048 Northanhymbrorum
1148 2966 1300 3032 Eboraci

186 3047 289 3139 idid
348 3062 505 3140 decessit,
531 3069 566 3126 et
590 3063 625 3125 in
646 3064 855 3128 monasterio
878 3065 1086 3146 Galmanho,
1108 3067 1199 3150 qnod
1222 3066 1300 3150 ipse

186 3198 330 3238 mmm
348 3170 602 3241 construxerat,
618 3164 774 3246 sepultus
789 3173 862 3239 est;
886 3166 985 3250 cujus
1000 3168 1148 3233 ducatus
1163 3167 1299 3247 Tostio,

186 3249 292 3346 ἓῗῆἳξῖω
300 3259 328 3287 ⁰¹¹
350 3263 498 3328 Haroldi
515 3263 612 3329 ducis
635 3284 810 3348 germano,
833 3265 936 3331 datus
958 3266 1034 3334 est.¹
1090 3268 1170 3333 Non
1187 3267 1300 3333 multo

187 3350 326 3440 ξξῆζξέἑΨ
348 3371 441 3446 post,
457 3384 517 3427 rex
543 3363 769 3442 Eadwardus,
786 3364 905 3431 habito
928 3366 1119 3433 Lundoniae
1140 3367 1298 3445 consilio,

349 3462 519 3545 Algarum
544 3465 715 3543 comitem,
741 3466 849 3530 filiurn
878 3466 1025 3532 Leofrici
1052 3469 1199 3546 comitis
1223 3468 1299 3533 sine

186 3563 669 3673 idhi³1¹¹ffl¹¹⁰¹¹lpa⁰Xl⁰gaVit³
702 3566 763 3649 qui
787 3586 869 3631 mox
897 3568 1102 3633 Hiberniam
1129 3568 1238 3652 petiit,
1263 3574 1301 3632 et

189 3684 214 3723 w
235 3695 258 3724 u
268 3684 295 3723 ne
350 3680 457 3728 xvru.
470 3663 624 3746 piraticis
641 3666 787 3729 navibus
803 3669 992 3750 acquisitis,
1009 3670 1121 3746 rediit,
1130 3675 1166 3733 et
1181 3664 1300 3733 Griffi·

386 3833 540 3897 ¹Projcctas
564 3836 622 3899 ert]
651 3835 712 3896 Ipse
746 3836 815 3883 enirn
873 3833 1067 3889 'Sax.Cbr0n.

349 3904 468 3953 foeminas
480 3911 506 3954 et
521 3905 642 3967 puerulos
658 3919 726 3953 more
743 3905 815 3953 cieri·
1180 3962 1182 3967 ¹

350 3989 436 4022 corum
445 3976 586 4025 coronando
594 3975 725 4035 tondebat3
740 3981 766 4024 et
774 3989 815 4023 co-
875 3973 884 4004 ³
906 3973 994 4023 Venire
1007 3973 1124 4037 faceret]
1156 3974 1301 4025 Florencc’s

351 4056 434 4105 ronas,
440 4050 466 4093 et
476 4060 525 4094 non
536 4047 619 4095 velata
630 4047 724 4109 capita,
732 4045 816 4093 t‘oemi·
839 4050 946 4093 account
957 4044 985 4093 ot'
993 4045 1083 4107 bishop
1096 4045 1229 4094 Eaidred’s
1239 4046 1301 4094 ruis-

351 4127 397 4160 uas
406 4127 539 4164 conversas
546 4116 638 4166 babere
650 4117 742 4165 debere
751 4130 816 4177 prae-
839 4115 894 4163 sion
906 4115 928 4162 ie
940 4130 1007 4164 more
1024 4115 1222 4164 circumstantial
1238 4114 1300 4164 than

352 4182 461 4232 dicabat.
498 4186 605 4237 Marion.
618 4188 667 4238 Ed.
839 4183 894 4233 that
904 4185 930 4232 in
941 4185 983 4234 the
995 4185 1137 4237 Chronicle.
