2940 4860
378 391 442 453 100
748 404 957 453 cunomcou

377 561 491 626 subito
512 582 604 643 rege,
620 562 663 626 ad
687 581 792 625 naves
807 580 889 625 suas
905 560 1085 625 confestim
1100 561 1328 642 confugiunt:

378 661 535 726 Saxones
566 683 647 726 vero
672 661 852 726 derelictos
878 680 899 725 a
928 660 1081 742 Paganis
1113 661 1271 743 captivos
1293 669 1328 725 et

214 781 347 828 tronum
378 780 485 843 equos
515 763 632 826 statim
659 761 833 843 diripiunt.
887 760 1021 842 Pagani
1046 762 1175 844 itaque,
1202 780 1327 842 magna

215 832 333 870 mm
379 863 583 926 necessitate
603 862 782 944 compulsi,
806 861 926 923 eadem
943 868 1065 924 aestate
1081 879 1199 924 rursus
1218 861 1327 924 Frau-

214 980 310 1021 nnrena
378 962 467 1025 ciam
505 962 673 1026 adierunt.
735 959 866 1023 Eodem
905 979 994 1024 anno
1030 959 1162 1023 AElfred
1193 958 1327 1041 Anglo·

213 1031 363 1121 iiiiiiiiiii
376 1060 554 1126 Saxonum
579 1082 642 1125 rex
668 1060 812 1123 classem
841 1078 939 1123 suam
966 1059 1009 1122 de
1038 1058 1164 1123 Cantia
1190 1059 1325 1141 plenam

213 1131 356 1171 ⁰¹²¹⁸⁸⁵³⁰¹¹⁸
375 1161 599 1225 bellatoribus
622 1161 658 1224 in
682 1158 877 1224 Orientales
902 1157 1037 1240 Anglos
1059 1158 1221 1240 dirigens,
1236 1179 1325 1241 prae·

374 1260 479 1324 dandi
496 1260 831 1338 causa,trausmisit;
855 1278 1001 1340 cumque
1015 1259 1058 1322 ad
1075 1259 1201 1322 ostium
1212 1258 1325 1323 Sturae
1343 1279 1346 1283 ’

374 1358 524 1424 fluminis
542 1361 726 1436 venissent,
751 1358 931 1421 confestim
960 1355 1050 1422 xvr.¹
1077 1377 1184 1422 naves
1208 1358 1324 1440 Paga-

374 1478 496 1522 norum
508 1459 551 1523 ad
566 1460 694 1523 bellum
711 1464 841 1542 paratae
853 1457 1080 1521 obviaverunt
1095 1459 1156 1534 eis
1170 1458 1325 1540 initoque

375 1558 492 1622 navali
521 1559 655 1641 proelio,
685 1559 763 1621 hinc
792 1565 827 1621 ct
855 1557 934 1620 inde
965 1558 1088 1620 acriter
1118 1566 1324 1640 pugnantes,

376 1656 511 1738 Pagani
527 1678 644 1723 omnes
670 1658 785 1734 occisi,
803 1664 838 1720 et
856 1676 973 1720 omnes
998 1677 1104 1720 naves
1131 1676 1210 1720 cum
1232 1659 1324 1723 omni

374 1757 520 1838 pecunia
534 1778 651 1822 eorum
674 1764 784 1840 captae
809 1763 913 1835 sunt;
937 1776 1084 1838 cumque
1101 1756 1180 1820 inde
1196 1758 1323 1822 victrix

373 1857 470 1938 regia
484 1857 605 1922 classis
627 1854 777 1933 rediret,2
794 1855 929 1937 Pagani
952 1857 1011 1938 qui
1034 1856 1234 1920 orientalem
1250 1856 1323 1921 An-

374 1956 509 2037 glorum
539 1958 712 2039 regionem
737 1956 986 2033 inhabitabant,
1015 1957 1233 2037 congregatis
1259 1975 1322 2020 un-

373 2055 552 2139 decunque
583 2058 742 2133 navibus
772 2056 882 2120 eidem
916 2055 1021 2134 regiae
1047 2054 1149 2118 classi
1173 2057 1208 2118 in
1234 2057 1322 2121 ostio

373 2152 526 2221 fluminis
543 2157 579 2220 in
594 2156 681 2220 mari
698 2156 935 2232 obviaverunt,
959 2161 1185 2236 consertoque
1207 2155 1324 2219 navali

210 2276 313 2316 beatior
371 2256 495 2336 proelio
513 2256 649 2338 Pagani
661 2256 842 2320 victoriam
858 2254 1062 2318 habuerunt.
1108 2254 1242 2336 Regem
1258 2255 1323 2320 Oc·

209 2326 337 2426 lllllltb
372 2354 593 2420 cidentalium
622 2356 832 2420 Francorum
850 2353 1138 2431 Karlomanuum,
1161 2373 1322 2435 aprorum

209 2425 298 2515 lili..
370 2456 590 2519 venationem
615 2463 786 2536 agentem,
802 2452 968 2534 singulari
983 2454 1226 2533 congressione
1242 2453 1320 2517 bor-

369 2553 476 2616 rendo
491 2554 593 2618 dente
607 2553 793 2634 singularis
810 2552 1000 2616 dilacerans
1016 2553 1121 2630 ferus,
1137 2553 1322 2617 miserabili

371 2650 488 2715 funere
516 2654 686 2734 percussit
696 2651 722 2727 ;3
744 2653 844 2736 cujus
859 2651 966 2717 frater
986 2651 1195 2716 Luduwicus
1217 2655 1319 2718 tertio

371 2769 462 2816 anno
479 2758 559 2816 ante
573 2750 586 2786 ⁴
598 2752 780 2815 defunctus
805 2758 869 2828 est,
886 2753 945 2833 qui
969 2760 1014 2816 et'
1026 2753 1100 2833 ipse
1118 2758 1193 2815 erat
1210 2752 1319 2816 Fran-

370 2868 487 2914 corum
502 2872 563 2915 rex
578 2879 586 2926 ;
611 2852 676 2933 ipsi
692 2853 817 2916 etenim
833 2852 934 2915 ambo
949 2851 1009 2913 filii
1026 2850 1205 2916 Luduwici
1227 2856 1319 2934 regis

372 2949 583 3016 Francorum
605 2960 715 3029 eraut,
731 2953 790 3035 qui
815 2970 920 3033 supra
941 2959 1130 3015 memorato
1146 2971 1235 3016 anno
1251 2972 1319 3035 quo

370 3049 507 3133 eclipsis
531 3053 612 3116 solis
635 3053 729 3116 facta
744 3060 798 3116 est
813 3052 994 3116 defunctus
1017 3059 1081 3117 est.
1135 3052 1218 3134 Ipse
1232 3072 1318 3134 quo-

370 3169 436 3232 que
472 3151 678 3217 Luduwicus
708 3152 799 3215 filius
831 3151 953 3215 Karoli
981 3152 1192 3217 Francorum
1224 3154 1316 3234 regis

370 3258 456 3327 erat,
482 3250 582 3335 cujus
609 3253 714 3317 filiam
737 3252 760 3316 J
764 3252 925 3316 utbittam
956 3250 1187 3329 AEtbelwlfus,
1215 3251 1315 3316 Occi-

369 3349 556 3414 dentalium
580 3352 758 3416 Saxonum
773 3373 848 3429 rex,
864 3351 907 3416 ad
924 3352 1078 3433 reginam
1095 3353 1160 3415 sibi
1174 3359 1319 3435 paterna

207 3472 333 3513 rhenani.
368 3450 547 3516 voluntate
559 3454 721 3534 suscepit.
741 3451 910 3516 Praesenti
921 3472 1059 3535 quoquc
1070 3473 1161 3517 auno
1172 3472 1318 3534 magnus

207 3523 348 3624 iiiiiiioll.
368 3549 591 3634 ¹Paganorum
607 3553 779 3615 exercitus
805 3552 847 3615 de
874 3550 1062 3617 Germania
1084 3554 1121 3616 in
1143 3552 1317 3634 regionem

367 3648 599 3733 Antiquomm
624 3648 819 3715 Saxonum⁵
844 3653 1060 3734 supervenit;
1084 3658 1204 3716 contra
1230 3671 1317 3734 quos

368 3750 527 3815 adunatis
543 3751 671 3814 viribus
686 3750 789 3814 iidem
806 3750 964 3814 Saxones
979 3759 1014 3814 et
1031 3750 1192 3815 Frisoues
1207 3751 1259 3814 bis
1282 3752 1317 3814 in

403 3899 410 3928 ¹
429 3902 495 3964 xva]
513 3902 645 3951 Tredecim
656 3901 689 3950 A.
825 3915 826 3918 ’
889 3899 899 3928 ⁴
918 3901 998 3950 Tertio
1013 3917 1075 3950 arao
1089 3897 1165 3969 unte]
1187 3903 1317 3964 Superiori

402 4001 413 4031 Ἄ
429 4004 551 4070 Rediret']
565 4004 697 4063 >D⁰m¹i¹et
707 4003 740 4053 Δ·
854 3969 1066 4102 angl(litigiorum
1072 4040 1220 4103 Saxonum]
1239 4042 1316 4093 Quod

403 4102 413 4131 ³
430 4105 578 4168 Percussit]
591 4106 639 4155 See
647 4107 687 4156 W.
701 4107 789 4156 Malm.
802 4122 827 4167 p.
854 4108 976 4157 Saronico
997 4109 1091 4158 dicitur
1117 4111 1315 4161 Eald-Seaxum.

368 4178 424 4238 leo,
433 4176 483 4223 and
495 4175 546 4225 Mr.
556 4175 669 4237 Hardy's
679 4182 746 4228 note.
853 4177 886 4228 A.
897 4180 953 4228 add.
