2940 4860
338 383 404 448 270
703 397 913 446 eunouroou

339 560 449 642 quiet
466 556 740 634 AEthelberhtus,
759 556 861 621 Molli
876 557 966 640 regis
984 557 1103 635 filium,
1119 559 1154 620 iu
1170 577 1287 638 regem

337 660 552 724 levaverunt.
599 658 704 723 Hunc
719 677 856 740 quoque
868 659 964 740 regui
979 659 1033 721 sui
1047 677 1138 722 auno
1153 659 1287 740 quinto,

339 759 680 842 Northhymbreuses
702 758 912 841 abjecerunt,
927 765 963 822 et
984 756 1209 823 Alfwolduml
1232 780 1285 823 re-

337 880 415 942 gern
446 859 711 933 constituerunt,
743 877 845 940 quem
876 864 943 922 x10.
974 859 1072 940 regni
1099 859 1154 922 sui
1181 878 1286 937 auno,

337 961 445 1042 Sigan
468 960 619 1043 quidam,
642 959 695 1022 vir
719 966 929 1041 praepotens,
951 957 1079 1041 injuste
1102 961 1249 1041 peremit
1261 959 1288 1034 ς’

338 1063 394 1126 cui
408 1079 515 1143 nepos
531 1078 615 1122 suus
632 1058 797 1135 Osredus,
815 1057 959 1123 Alhredi
974 1058 1077 1135 filius,
1092 1061 1259 1125 successit
1275 1081 1283 1125 ε

338 1161 426 1226 huuc
456 1162 560 1225 etiam
593 1158 943 1242 Northhymbrenses,
973 1178 1063 1223 anno
1094 1167 1284 1237 transacto,

338 1282 444 1344 regno
460 1260 679 1343 expulerunt,
696 1267 732 1324 ct
745 1278 861 1341 regem
878 1258 1166 1336 AEthelberbtum,
1182 1279 1285 1342 quem

336 1364 431 1445 prius
455 1367 687 1436 extruserunt,
704 1360 741 1423 iu
763 1378 905 1443 regnum
924 1366 1147 1441 receperunt;
1170 1380 1240 1441 quo
1264 1381 1286 1426 a

335 1463 408 1526 suis
446 1461 639 1536 interfecto,
666 1459 841 1524 Osbaldus
876 1479 1022 1541 regnum
1056 1461 1220 1543 suscepit,
1249 1469 1285 1526 et

335 1561 454 1644 paucis
468 1561 588 1624 diebus
605 1559 739 1634 tenuit;
767 1560 824 1623 cui
840 1559 1025 1624 Eardulsus
1046 1561 1225 1637 successit,
1248 1571 1285 1627 et

336 1681 406 1726 uuo
431 1680 523 1725 anno
545 1659 713 1741 regnavit.
766 1660 902 1724 Deinde
926 1680 989 1743 per
1016 1679 1123 1724 anuos
1151 1676 1283 1726 nxxvv.

336 1762 469 1846 aliquot
493 1763 748 1842 imperaverunt
769 1778 882 1842 reges,
900 1780 1047 1843 quorum
1072 1760 1184 1824 ultimi
1207 1760 1282 1826 sue·

335 1870 415 1927 runt
434 1861 588 1945 Osbryht
612 1867 647 1924 et
670 1860 775 1936 AElle,
800 1862 860 1943 qui
886 1880 977 1925 anno
1002 1861 1194 1925 Dominicae
1221 1861 1282 1925 Iu-

335 1963 556 2037 carnationis,
574 1961 682 2046 juxta
728 1960 946 2044 Dionysium,
980 1977 1211 2026 ucccnxvn.
1247 1961 1283 2025 in

335 2063 494 2128 Eboraco
522 2081 601 2126 cum
626 2061 711 2125 flore
740 2059 774 2129 N
777 2061 1077 2144 orthhymbrorum
1113 2064 1283 2144 perempti

334 2171 417 2228 sunt
446 2182 469 2226 a
498 2162 656 2244 paganis,
692 2160 854 2225 videlicet
890 2162 1014 2238 Danis,
1054 2161 1281 2242 Norregauis,

334 2263 472 2340 suanis
492 2263 628 2338 Goutis,
646 2269 682 2325 et
697 2262 912 2343 quarundam
932 2261 1078 2325 aliarum
1102 2262 1281 2326 nationum

332 2365 480 2446 populis.
544 2362 625 2442 Quo
656 2381 747 2425 auno
777 2360 916 2444 Anglici
946 2382 1057 2444 reges,
1086 2362 1146 2445 qui
1181 2365 1282 2427 aunis

333 2481 495 2529 ccoxxr.
519 2482 720 2545 regnavere,
743 2482 805 2545 per
835 2480 944 2526 annos
974 2478 1022 2526 ut.
1051 2462 1220 2545 imperare
1245 2465 1282 2526 in

334 2564 608 2647 Northhymbria
642 2563 796 2643 desiere;
836 2563 1095 2646 depopulationi
1132 2582 1282 2646 namque

332 2664 560 2745 servitutique
582 2662 767 2726 eorundem
793 2683 1019 2745 paganorum,
1035 2664 1165 2746 absque
1187 2683 1280 2745 rege,

332 2765 429 2828 aunis
455 2780 529 2826 v111.
554 2762 790 2845 subjacebant.
844 2761 937 2826 Nam
962 2783 1024 2845 per
1053 2762 1087 2826 id
1115 2766 1280 2846 temporis

332 2864 495 2946 spatium,
526 2882 608 2943 rege
641 2859 882 2944 East-Augliae
913 2862 948 2927 S.
966 2863 1171 2927 Eadmundo
1202 2884 1280 2946 per·

332 2971 459 3045 empto,
476 2970 511 3026 et
533 2961 743 3026 Marciorum
765 2981 847 3044 rege
872 2963 1051 3028 Burhredo
1072 2963 1167 3027 ultra
1184 2983 1280 3029 mare

331 3065 464 3145 fugato,
480 3082 665 3145 eorumque
682 3063 797 3144 regnis
823 3082 895 3127 suae
913 3064 1035 3127 ditioni
1048 3064 1215 3141 subactis,
1238 3085 1280 3129 ae

331 3164 489 3228 AElsredo
506 3163 803 3227 west-Saxonum
818 3184 899 3246 rege
913 3163 1019 3229 ferme
1035 3165 1173 3241 detrito,
1185 3164 1278 3248 ejus-

330 3283 398 3347 que
415 3283 522 3346 reguo
539 3265 692 3326 maxima
709 3283 751 3326 ex
770 3271 870 3345 parte
884 3265 1019 3343 invaso,
1035 3285 1097 3348 per
1113 3263 1279 3346 Angliam

329 3372 365 3429 et
380 3364 471 3428 circa
488 3362 584 3426 illam
603 3371 846 3445 pervagantes,
870 3367 1078 3429 monasteria
1103 3385 1182 3428 cum
1205 3385 1278 3429 mo-

330 3463 448 3528 nachis
466 3469 501 3525 et
524 3463 854 3542 sanctimonialibus,
870 3467 1034 3530 ecelesias
1052 3485 1130 3530 cum
1146 3466 1279 3530 clericis

329 3562 521 3639 incendere,
547 3563 718 3639 civitatee,
733 3565 847 3643 urbae,
864 3566 1001 3648 oppida,
1018 3566 1188 3648 villasque
1204 3585 1277 3631 cre·
1379 3597 1384 3603 ·

329 3682 436 3740 mare,
451 3681 555 3744 agros
581 3662 775 3740 devastare,
791 3671 927 3747 strages
952 3666 1127 3731 homiuum
1150 3667 1278 3730 multas

330 3783 443 3845 agere,
470 3764 607 3828 minime
622 3765 824 3840 cessabant3
850 3785 912 3830 uec
938 3768 1073 3844 mirum,
1098 3775 1169 3831 tam
1190 3767 1278 3830 vali-

364 3947 372 3978 ¹
390 3950 558 4014 Alswoldum]
577 3951 620 4001 He
630 3966 685 4000 was
697 3951 738 4000 the
750 3966 795 4001 sou
804 3952 833 4000 of
841 3951 952 4004 Oswulf.
988 3953 1051 4003 Sim.
1060 3953 1180 4003 Dunelm.
1189 3957 1277 4004 alli).

361 4023 371 4052 ²
388 4022 518 4085 Percurrit]
536 4022 568 4069 ln
579 4024 652 4084 cujus
663 4023 718 4071 loco
729 4023 908 4083 peremptionis

468 4117 578 4166 Coelitus
597 4116 699 4179 emissa,
718 4117 763 4164 lux
782 4120 821 4164 est
840 4114 982 4164 clarissima
995 4117 1057 4167 visa.

327 4210 455 4259 Successit
466 4211 489 4260 ei
501 4213 527 4260 iu
538 4225 652 4273 regnum,
663 4215 711 4260 etc.
723 4210 805 4260 Editt.
817 4211 872 4259 cdd.
886 4210 916 4259 G.
928 4211 958 4258 L.
970 4210 1037 4260 omit.
