2940 4860
335 394 378 459 80
707 408 919 459 canonicos

336 568 554 633 Britanniam
587 567 739 644 advenit,
762 569 797 632 in
821 585 928 650 regno
955 564 1184 630 Orientalium
1212 561 1288 628 An-

336 667 497 751 glorum,¹
520 669 613 751 quod
635 668 808 734 Saxonice
829 668 1032 749 East-engle
1055 666 1191 742 dicitnr,
1215 664 1289 728 hie-

336 770 457 847 mavit,
485 769 600 852 ibique
632 770 692 834 ille
726 770 898 834 exercitus
928 768 1083 833 maxima
1111 786 1157 831 ex
1188 772 1288 849 parte

338 870 508 953 equestris
525 870 639 935 factus
654 870 745 934 est.’'

192 987 306 1028 anso.
389 976 411 1006 “
423 970 618 1035 Praedictus
640 970 862 1052 Paganornm
878 968 1051 1033 exercitus
1067 967 1110 1030 de
1125 966 1286 1031 Orienta-

174 1054 302 1154 {Jssssllff
338 1070 429 1135 libus
455 1068 582 1152 Anglis
612 1072 656 1136 ad
685 1071 880 1135 Eboracum
907 1070 1084 1134 civitatem
1111 1067 1288 1150 migravit,

176 1156 245 1196 Μ·
339 1172 468 1254 quaein
485 1172 674 1254 aquilonali
688 1172 764 1254 ripa
782 1171 951 1234 Humbrae
972 1169 1122 1234 fluminis
1136 1169 1205 1233 sita
1221 1176 1288 1233 est.

177 1295 233 1335 eun
246 1293 326 1354 aean-
341 1272 393 1336 Eo
408 1279 563 1356 tempore
582 1273 737 1337 maxima
755 1272 844 1335 inter
864 1270 1191 1355 Northanhymbros
1216 1269 1287 1333 dis-

176 1347 296 1436 iisslt'nffm.
340 1372 459 1436 cordia
476 1372 646 1437 diabolico
661 1373 827 1438 instinctu
842 1378 918 1437 orta
933 1373 1065 1446 fuerat;
1090 1371 1179 1434 sicut
1196 1389 1287 1434 sern-

177 1447 230 1486 Μ
340 1491 402 1555 per
424 1473 552 1556 populo
576 1472 635 1555 qui
657 1474 773 1537 odium
795 1471 993 1538 incurrerit²
1015 1471 1150 1536 evenire
1174 1470 1286 1546 solet;

177 1576 321 1668 gfifflssffl
342 1591 422 1635 nam
458 1572 492 1637 N
494 1574 756 1657 orthanhymbri
786 1593 828 1638 eo
858 1580 1024 1658 tempore,
1052 1578 1092 1636 ut
1122 1572 1286 1648 diximus,

340 1671 531 1756 legitimum
551 1694 668 1756 regem
693 1693 806 1753 suum,
835 1673 979 1739 Osbriht
1006 1673 1153 1748 nomine,
1178 1692 1289 1754 regno

340 1774 557 1857 expulerant,
576 1782 611 1840 et
627 1782 811 1859 tyrannum
828 1776 1009 1857 quendam,
1029 1773 1123 1839 AElla
1139 1773 1289 1850 nomine,

247 1893 250 1899 ·
340 1894 409 1938 non
435 1875 478 1939 de
503 1876 613 1957 regali
639 1875 802 1960 prosapia
826 1875 1056 1958 progenitum,
1071 1892 1175 1956 super
1189 1873 1288 1956 regni

341 1976 473 2059 apicem
488 1977 757 2043 constituerant:
774 1976 833 2041 sed
846 1975 1108 2042 advenientibus
1124 1973 1288 2056 Paganis,

342 2075 484 2140 consilio
513 2077 630 2143 divino
665 2086 700 2141 et
733 2076 938 2160 optimatum
971 2074 1192 2153 adminiculo,
1223 2095 1286 2158 pro

342 2176 513 2240 communi
529 2179 680 2243 utilitate
696 2178 868 2242 discordia
884 2177 945 2241 illa
962 2174 1213 2259 aliquantulum
1234 2195 1289 2238 se-

341 2276 436 2354 data,
455 2276 599 2341 Osbriht
622 2285 657 2343 et
679 2277 785 2354 AElla,
808 2276 968 2343 adunatis
993 2275 1122 2341 viribus
1145 2295 1289 2357 congre·

297 2450 300 2456 ¹
342 2383 494 2459 gatoque
521 2379 688 2454 exercitu,
718 2378 911 2442 Eboracum
944 2377 1106 2460 oppidum
1136 2375 1288 2455 adeunt;

342 2477 467 2557 quibus
497 2476 769 2555 advenientibus,
801 2477 936 2560 Pagani
964 2476 1143 2541 confestim
1169 2476 1289 2558 fugam

343 2576 523 2658 arripiunt,
541 2583 576 2641 et
593 2576 684 2642 intra
700 2579 793 2642 urbis
808 2579 936 2642 moenia
954 2597 991 2641 se
1013 2576 1193 2641 defendere
1207 2596 1288 2660 pro·

343 2684 484 2756 curant;
520 2696 666 2760 quorum
695 2677 813 2760 fugam
845 2687 880 2744 et
910 2698 1073 2761 pavorem
1101 2675 1289 2742 Christiani

344 2784 533 2855 cernentes,
549 2778 653 2842 etiam
668 2778 760 2843 intra
775 2779 870 2843 urbis
894 2779 1023 2843 moenia
1043 2796 1102 2843 eos
1115 2777 1288 2860 persequi,

344 2884 379 2942 et
399 2897 533 2941 murum
548 2878 706 2961 frangere
730 2879 926 2956 instituunt,
948 2879 1040 2963 quod
1058 2887 1092 2944 et
1114 2878 1289 2957 fecerunt;

345 2997 413 3041 non
429 2979 519 3042 enim
537 2986 618 3043 tunc
637 2979 747 3044 adhuc
760 2980 822 3045 illa
837 2980 965 3045 civitas
974 2980 1091 3044 firmos
1107 2986 1142 3043 et
1156 2979 1289 3043 stabili-

344 3084 399 3142 tos
429 3097 546 3142 muros
573 3079 641 3143 illis
665 3080 877 3163 temporibus
904 3080 1065 3145 habebat.
1133 3078 1290 3163 Cumque

345 3177 532 3243 Christiani
562 3198 708 3258 murum,
733 3188 774 3246 ut
807 3188 1070 3264 proposuerant,
1093 3180 1289 3262 fregissent,

343 3298 529 3363 eorumque
559 3301 686 3364 magna
713 3301 795 3364 pars
819 3283 854 3345 in
881 3282 1058 3346 civitatem
1081 3281 1183 3347 simul
1210 3300 1289 3345 cum

344 3380 499 3463 Paganis
513 3381 711 3458 intrassent,
727 3382 876 3463 Pagani,
893 3382 1011 3447 dolore
1032 3389 1067 3446 et
1084 3381 1290 3446 necessitate

342 3481 522 3563 compulsi,
538 3501 642 3565 super
659 3502 718 3547 eos
734 3482 898 3548 atrociter
916 3482 1123 3566 irrumpunt,
1138 3482 1287 3559 caedunt,

342 3580 475 3663 fugant,
490 3589 712 3665 prosternunt
722 3584 816 3647 intus
832 3591 866 3648 et
878 3591 990 3647 extra.
1043 3582 1121 3646 Illic
1136 3583 1289 3647 maxima

341 3699 386 3744 ex
405 3688 509 3763 ,parte
531 3702 649 3746 omnes
677 3682 1093 3766 Northanhymbrensium
1116 3683 1210 3760 coeti,
1232 3702 1291 3747 oc·

342 3780 422 3844 cisis
439 3781 572 3846 duobus
594 3784 744 3864 regibus,
761 3782 866 3847 deleti
889 3784 1143 3863 occubuerunt;
1166 3782 1290 3866 reliqui

342 3899 424 3944 vero
444 3882 503 3963 qui
518 3889 704 3947 evaserunt
727 3901 848 3965 pacem
870 3902 948 3947 cum
975 3883 1128 3966 Paganis
1149 3884 1290 3968 pepige-

342 3988 435 4043 runt.
495 3982 626 4047 Eodem
650 4002 740 4047 anno
767 3982 979 4048 Ealhstanus
1013 3983 1290 4048 scireburnensis

449 4180 456 4210 ¹
473 4181 601 4233 Saxonum
613 4184 646 4237 Α.
816 4179 821 4253 Ι
872 4181 1028 4250 ’IncumtJ
1046 4187 1098 4241 Dei
1110 4186 1143 4240 A.
1154 4189 1211 4240 add.
