2940 4860
378 374 443 436 144
746 385 955 433 011110οι0011

378 563 497 620 naves,
524 543 728 625 exquibus,
756 527 919 606 Paschali
946 560 1085 606 emensa
1113 542 1330 618 solennitate,

377 643 471 706 omni
489 662 579 706 anno
596 660 690 706 mcc.
707 643 742 704 in
760 641 931 717 orientali,
951 658 1046 705 mcc.
1062 642 1097 704 in
1111 642 1330 716 occidentali,

378 758 471 807 mcc.
498 742 534 804 in
559 740 822 824 septentrionali
846 740 968 804 insulae
992 741 1099 822 plaga
1123 740 1330 815 coadunare,
1405 773 1414 786 ,

377 848 413 905 et
436 841 478 904 ad
504 839 751 904 occidentalem
775 860 851 902 cum
880 840 1038 903 orientali
1061 839 1184 915 classe,
1199 847 1246 915 et,
1269 840 1331 911 illa

376 940 532 1017 remissa,
563 939 607 1003 ad
638 939 810 1003 borealem
837 958 915 1002 cum
941 938 1159 1015 occidentali,
1183 940 1329 1020 ipsaque

378 1039 533 1115 remissa,
548 1057 626 1102 cum
641 1038 771 1102 boreali
787 1038 831 1100 ad
851 1037 1053 1101 orientalem
1068 1040 1214 1101 classem
1228 1040 1329 1101 remi-

377 1157 474 1219 gare,
505 1157 614 1220 eoque
642 1137 744 1201 modo
772 1144 881 1200 totam
915 1137 1064 1200 insulam
1091 1136 1183 1201 omni
1207 1145 1329 1201 aestate

378 1244 605 1301 consueverat
634 1236 939 1317 circumnavigare,
963 1236 1109 1301 viriliter
1134 1237 1199 1300 hoc
1223 1256 1329 1319 agens

378 1336 423 1398 ad
438 1336 671 1400 defensionem
688 1342 810 1400 contra
825 1343 964 1399 exteros
980 1337 1078 1416 regni
1095 1337 1160 1412 sui,
1177 1343 1212 1399 et
1228 1355 1328 1399 suum

215 1463 367 1504 1111111111..
378 1453 587 1516 suorumque
607 1435 651 1498 ad
668 1434 810 1499 bellicos
827 1454 910 1498 usus
935 1436 1150 1499 exercitium.
1205 1433 1329 1499 Hieme

213 1513 326 1610 131131οΐ
378 1541 494 1603 autem
523 1541 558 1598 et
588 1554 680 1611 vere,
703 1534 792 1597 infra
816 1553 960 1614 regnum
991 1553 1240 1616 usquequaque
1268 1554 1329 1615 per

378 1651 496 1696 omnes
509 1633 707 1715 provincias
722 1632 915 1714 Anglorum
932 1634 1090 1709 transire,
1107 1640 1142 1695 et
1156 1635 1327 1715 quomodo

377 1729 495 1812 legum
504 1731 599 1816 jura,
613 1740 648 1796 et
663 1751 804 1797 suorum
821 1739 954 1796 statuta
969 1732 1182 1795 decretorum
1197 1751 1218 1795 a
1234 1735 1327 1814 prin·

376 1831 510 1912 cipibus
523 1829 810 1908 observarentur,
834 1851 922 1896 neve
947 1849 1118 1913 pauperes
1138 1849 1160 1893 a
1178 1834 1327 1913 potenti-

376 1930 442 1992 bus
464 1929 702 2013 praejudieium
724 1931 817 2013 passi
841 1931 1128 2013 opprimerentur,
1145 1929 1328 2011 diligenter

377 2029 512 2093 solebat
525 2030 746 2110 investigare.
800 2030 841 2092 In
858 2049 927 2093 nno
943 2029 1146 2106 fortitudini,
1163 2030 1198 2092 in
1217 2031 1327 2093 altero

371 2126 520 2210 justitian
539 2128 694 2205 studere,
715 2129 750 2190 in
776 2136 924 2210 utroque
947 2128 1143 2210 reipublicae
1168 2136 1203 2191 et
1229 2131 1326 2210 regni

377 2226 586 2291 utilitatibus
618 2226 813 2291 consulens
868 2226 960 2291 Hinc
992 2227 1149 2291 hostibus
1181 2228 1327 2291 circurn-

376 2344 513 2407 qnaque
536 2326 652 2402 timor,
675 2333 710 2389 et
733 2327 887 2390 omnium
911 2326 976 2390 sibi
1000 2326 1214 2390 subditorum
1242 2347 1325 2409 erga

377 2444 455 2488 eum
471 2432 673 2490 excreverat
687 2445 802 2489 amor:
827 2425 927 2509 cujus
942 2425 1086 2489 decessu
1107 2426 1213 2490 totius
1229 2429 1326 2508 regni

376 2529 489 2587 status
517 2533 571 2588 est
599 2526 829 2607 perturbatus,
859 2532 894 2588 et
919 2532 998 2607 post
1022 2532 1158 2606 tempus
1183 2524 1325 2600 laetitiae,

377 2623 469 2704 quod
486 2623 580 2687 illius
604 2630 757 2705 tempore
778 2625 895 2687 stabat
918 2623 1073 2706 pacifice,
1091 2624 1197 2705 coepit
1217 2625 1325 2688 tribu-

217 2744 316 2784 nnnm
377 2721 461 2787 latio
475 2722 626 2804 undique
642 2723 823 2797 advenire;
847 2742 927 2787 nam
942 2723 1100 2805 princeps
1116 2723 1324 2787 Marciorum

216 2795 334 2885 dmm
379 2821 509 2886 AElfere
537 2821 828 2904 quampluresque
858 2822 957 2904 regni
983 2821 1158 2903 primates,
1189 2823 1324 2903 magnis

376 2921 546 2985 obcoecati
571 2921 779 2995 muneribus
808 2922 951 2985 abbates
979 2940 1056 2983 cum
1081 2921 1257 2985 monachis
1283 2923 1326 2986 de

377 3020 608 3096 monasteriis,
636 3021 669 3082 in
700 3020 825 3102 quibus
854 3040 916 3084 rex
947 3020 1112 3102 pacificus
1143 3020 1325 3102 Eadgarus

375 3135 437 3180 eos
453 3117 640 3195 locaverat,
661 3118 879 3200 expulerunt,
896 3127 930 3183 et
953 3119 1094 3184 clericos
1113 3139 1193 3183 eum
1208 3121 1324 3183 uxori-

216 3235 365 3324 nusquam
377 3216 442 3279 bus
463 3217 535 3281 suis
559 3218 836 3283 introduxerunt.
888 3217 955 3283 Sed
982 3218 1061 3281 huic
1086 3219 1235 3282 vesaniae
1258 3220 1325 3283 viri

215 3285 339 3382 l'nfi‘AEl.
376 3315 540 3394 timorati,
549 3318 621 3381 dux
635 3316 865 3381 Orientalium
877 3315 1068 3398 Anglorum
1082 3317 1324 3395 AEthelvvinus,

215 3384 327 3432 valdand
436 3415 443 3430 .
534 3415 541 3430 .

214 3434 342 3484 1101131.
378 3414 446 3478 Der
475 3434 617 3492 amicus,
652 3423 687 3481 et
717 3436 800 3480 suus
833 3435 1017 3497 germanus
1038 3416 1256 3492 AElfvvolduS,
1290 3425 1324 3480 et

377 3513 615 3595 Byrhtnotbus
644 3534 770 3593 comes,
797 3515 851 3579 vir
876 3515 1072 3597 religiosus,
1101 3517 1321 3589 restiteruut;

376 3618 423 3688 31,
437 3613 473 3675 10
487 3612 619 3695 synodo
631 3615 822 3691 constituti,
835 3633 873 3678 se
884 3633 1102 3696 nequaquam
1117 3614 1206 3678 ferre
1222 3633 1324 3695 posse

375 3709 550 3788 dixerunt,
574 3719 613 3775 ut
637 3713 796 3776 monachi
819 3714 1023 3797 ejicerentur
1049 3713 1093 3776 de
1118 3732 1238 3794 regno,
1263 3714 1324 3795 qui

375 3827 510 3873 omnem
520 3811 720 3892 religionem
732 3818 917 3876 tenuerunt
926 3813 961 3874 in
974 3831 1096 3892 regno:
1113 3820 1323 3893 congregato

374 3907 452 3971 dein
467 3909 632 3987 exercito,
651 3911 862 3974 monasteria
883 3910 1111 3975 Orientalium
1129 3908 1323 3993 Anglorum

209 4025 359 4126 fimi„
372 4007 527 4109 maxima
563 4009 767 4072 strenuitate
804 4007 1052 4074 defenderunt.¹
1115 4009 1208 4072 Dum
1246 4009 1321 4073 haec

480 4147 485 4175 ¹
502 4151 563 4199 Sex.
576 4150 669 4202 chron.
683 4152 754 4202 Hist.
766 4153 869 4207 Remea.
881 4167 939 4214 cap.
949 4165 1062 4203 1111111111.
1098 4152 1221 4214 ingulph.
