2940 4860
338 376 404 442 202
704 391 915 440 onnomoou

339 549 574 629 abbatissam,¹
604 570 708 634 quam
733 557 946 634 corruperat,
970 550 1006 614 in
1035 549 1295 615 matrimonium

339 651 465 717 habere
487 672 556 717 non
577 652 725 730 licuerit,
748 651 1012 717 Danemarciam
1032 650 1178 728 adierat,
1193 650 1297 715 navi·

340 754 404 816 bus
421 769 500 818 vrrr.
524 752 637 830 rediit,
653 753 769 817 (licens
795 772 874 816 cum
902 751 1134 828 simulatione,
1151 769 1190 816 se
1212 769 1294 814 cum

340 872 422 934 rege
451 852 597 917 fideliter
624 853 748 917 amodo
786 871 1046 926 remansurum
1077 851 1134 915 cui
1173 850 1295 916 Bcorn

341 972 469 1030 comeS,
493 953 584 1016 filius
616 952 781 1019 avunculi
805 953 861 1017 sui
889 952 1017 1017 Danici
1042 950 1176 1016 comitis
1189 950 1294 1029 ulfi,

340 1053 401 1116 filii
419 1053 626 1136 Spraclingi,
653 1053 714 1118 filii
734 1052 825 1132 Ursi,
841 1071 883 1117 ac
908 1052 1016 1118 frater
1036 1051 1150 1116 Suaui
1168 1051 1292 1116 Dano-

339 1172 416 1216 rum
443 1154 546 1235 regis,
572 1154 729 1237 promisit
752 1172 790 1217 se
816 1172 839 1217 a
858 1172 939 1235 rege
962 1153 1238 1236 impetraturum,
1250 1159 1293 1217 ut

339 1272 424 1317 suus
441 1254 473 1318 ei
488 1255 674 1319 comitatus
687 1251 912 1319 redderetur.⁹
964 1252 1154 1318 Pacificato
1170 1252 1292 1335 itaque

339 1372 417 1416 cum
440 1355 647 1436 imperatore
671 1353 853 1419 Baldwino
875 1355 1011 1430 comite,
1025 1352 1169 1417 comites
1191 1351 1291 1418 God-

339 1453 449 1517 winus
472 1461 507 1517 et
532 1455 646 1519 Beom
678 1471 770 1520 xmr.
795 1455 943 1520 navibus
970 1453 1170 1518 Pevenesea
1195 1455 1291 1536 rems

338 1552 478 1617 licentia
493 1562 575 1619 sunt
600 1554 733 1619 devecti
748 1574 757 1631 3
784 1555 951 1639 reliquam
967 1572 1051 1618 vero
1069 1553 1191 1617 classis
1207 1572 1290 1635 par·

338 1659 407 1717 tem
425 1653 564 1717 domum
577 1654 685 1739 jussit
707 1656 830 1732 redire,
851 1655 972 1737 paucis
995 1673 1114 1718 secum
1139 1654 1290 1718 navibus

337 1752 385 1816 ibi
412 1755 565 1819 retentis.
618 1754 684 1820 Cui
706 1775 785 1820 cum
811 1755 1007 1819 nuntiatum
1035 1753 1169 1831 fuisset,
1192 1753 1289 1836 quod

338 1852 502 1937 Osgodus
540 1854 652 1938 Clapa
680 1875 759 1920 cum
794 1871 908 1919 xxlx.
932 1855 1081 1920 navibus
1113 1851 1290 1938 inUlpe³

332 1955 479 2037 jaceret,
492 1956 541 2019 de‘
559 1957 706 2021 navibus
730 1976 817 2038 quas
840 1956 972 2020 remisit
987 1961 1074 2038 quot
1096 1954 1210 2036 potuit
1232 1973 1288 2019 re-

176 2079 246 2128 oaa
254 2079 319 2129 cap·
337 2056 487 2120 vocavit.
540 2056 702 2139 Osgodus
714 2064 843 2133 autem,
858 2075 969 2120 uxore
983 2074 1060 2132 sua,
1071 2074 1176 2137 quam
1192 2056 1288 2137 apud

174 2130 312 2220 iiiiiu‘fi‘iii
338 2155 475 2238 Brycge
489 2157 719 2234 commiserat,
742 2163 892 2239 recepta,
918 2175 981 2220 sex
1003 2155 1150 2220 navibus
1168 2155 1290 2220 Dune-

176 2231 252 2272 Μ’
337 2256 501 2321 marciam
526 2257 648 2332 rediit;
677 2257 756 2321 aliae
779 2276 862 2322 vero
888 2255 1180 2321 East-Saxouiam
1204 2256 1288 2320 ade-

338 2363 451 2434 untes,
466 2358 583 2440 praeda
610 2358 703 2422 circa
723 2357 1002 2422 Promontorium
1026 2355 1163 2420 Eadulfi
1183 2364 1289 2440 rapta

176 2479 303 2532 asemper.
337 2475 407 2520 non
429 2458 575 2535 modica,
600 2456 781 2523 redibant:
815 2476 935 2524 verum
962 2475 1021 2520 eus
1044 2457 1081 2520 in
1110 2455 1287 2522 redeundo

338 2574 435 2620 saeva
462 2558 627 2639 corripuit
648 2565 848 2640 tempestat,
873 2576 1062 2639 omnesque
1090 2558 1287 2637 submersit,

337 2657 494 2738 exceptis
524 2657 671 2734 duabus,
694 2678 773 2740 quae
799 2658 836 2722 in
865 2657 1103 2722 transmarinis
1129 2657 1288 2741 partibus

338 2762 450 2837 captae
483 2764 575 2834 sunt,
601 2758 723 2822 occisis
747 2757 906 2823 omnibus
930 2758 990 2840 qui
1014 2758 1050 2821 in
1074 2758 1144 2822 illis
1172 2766 1285 2825 erant.

175 2880 295 2943 ueneror
338 2855 431 2918 Dum
454 2855 528 2921 haec
551 2859 756 2939 agebantur,
783 2858 922 2923 Suanus
946 2877 1060 2923 comcs
1087 2858 1288 2924 Pevenesea

174 2931 275 3032 ἓῖῗῖἒοιιῖἶ
337 2956 444 3033 venit,
459 2964 494 3021 et
509 2959 750 3022 consobrinum
769 2979 869 3023 suum
897 2960 1012 3023 Bcom
1026 2959 1183 3022 comitem
1207 2979 1288 3024 cum

336 3055 416 3120 dolo
438 3058 587 3139 rogavit,
602 3067 641 3123 ut
656 3059 700 3122 ad
717 3059 901 3124 Sandicum
918 3066 1055 3142 portum
1071 3078 1187 3122 secum
1208 3058 1287 3137 iret,

336 3163 381 3233 et,
399 3164 437 3221 ut
454 3157 506 3221 illi
527 3159 744 3242 promiserat,
761 3179 933 3224 eumcum
957 3179 1038 3240 rege
1061 3159 1284 3241 pacificaret:

335 3258 396 3339 qui
413 3258 496 3321 fisus
517 3259 554 3323 in
577 3261 886 3342 consanguinitate,
902 3259 1013 3323 tribus
1029 3266 1165 3323 tantum
1181 3261 1287 3324 sociis

336 3360 535 3441 assumptis,
553 3380 632 3425 cum
646 3360 707 3424 illo
722 3360 892 3442 proficisci
915 3360 1033 3442 coepit.
1086 3357 1136 3424 At
1158 3359 1217 3425 ille
1240 3360 1286 3424 ad

337 3457 547 3537 Bosanham,
564 3461 624 3524 ubi
649 3480 757 3525 naves
782 3460 858 3545 ejus
882 3468 992 3537 erant,
1012 3479 1091 3524 cum
1114 3460 1227 3537 (luxit,
1251 3469 1287 3526 et

335 3556 371 3620 in
405 3560 520 3624 navim
552 3559 786 3625 introductum
818 3561 913 3625 duris
945 3580 1027 3624 mox
1056 3559 1139 3625 loris
1163 3560 1286 3624 vinciri

330 3655 447 3740 jussit,
463 3678 504 3723 ac
519 3678 635 3724 secum
657 3662 790 3726 tamdiu
816 3661 949 3738 habuit,
964 3662 1073 3725 donec
1090 3661 1133 3724 ad
1157 3662 1286 3724 ostium

335 3757 468 3822 Dertae⁴
476 3760 609 3824 veniret
621 3781 630 3839 3
654 3762 713 3825 ubi
727 3761 789 3825 illo
799 3762 927 3838 occiso,
938 3769 972 3825 et
986 3762 1022 3824 in
1035 3760 1143 3825 altam
1155 3761 1285 3825 fossam

369 3909 376 3939 ¹
394 3913 524 3962 Locrensis
537 3913 677 3963 monsterii
692 3913 798 3962 abbatie-
858 3910 962 3977 ’Ulch
975 3914 1244 3978 OrWulpe,aviliege
1252 3930 1286 3964 ou

333 3981 407 4043 cem]
425 3982 637 4034 OfLeominster.
822 3983 864 4032 the
889 3987 960 4032 coast
986 3984 1016 4033 os
1039 3985 1172 4048 Flanders,
1194 3989 1221 4034 to
1242 3985 1286 4034 the

368 4047 516 4102 'Promisit
533 4087 622 4105 .....
633 4053 795 4116 redderetur]
822 4054 901 4104 N.W.
924 4053 954 4102 of
972 4054 1058 4116 Sluys.
1094 4055 1142 4104 See
1165 4055 1285 4106 Grimm's

332 4120 394 4169 This
405 4121 427 4170 is
439 4137 499 4184 very
510 4123 636 4176 doubtful.
672 4125 718 4174 See
734 4125 795 4175 Sex.
821 4124 954 4174 Deutsche
966 4124 1141 4189 Heidensage,
1152 4141 1178 4187 p.
1191 4129 1248 4175 88⁰.

333 4190 425 4239 Chron.
856 4191 866 4222 ⁴
883 4194 991 4259 Derim]
1009 4195 1099 4246 Ostha
1111 4196 1185 4246 Dart
