2940 4860
338 380 383 444 60
707 394 917 444 canonicos

176 578 296 626 tanquan
338 545 507 610 farnensis
525 545 722 629 episcopus,
737 552 772 609 et
789 543 983 610 Wereburh
999 541 1170 620 ceolredi,
1186 560 1295 624 quon-

174 627 291 720 ii?¹⁶b¹¹‘'¹
338 646 416 711 dam
431 647 524 728 regis
544 645 767 724 Marciorum,
783 647 915 728 regina,
933 641 1117 710 obierunt.²

192 770 252 810 nn.
263 768 307 808 ra.
390 746 597 824 Kinewlfus,
614 766 677 810 rex
694 745 969 811 Occidentalium
986 745 1177 821 Saxonum,
1195 741 1293 806 clito·

174 837 294 936 &ffiffi‘
338 866 415 910 nem
444 846 689 927 Cinehardum,
718 847 809 929 regis
834 846 996 912 videlicet
1020 844 1191 928 Sigeberti
1214 863 1293 924 ger·

174 937 271 1029 iffi
338 967 490 1026 manum,
506 967 570 1014 suo
593 948 635 1012 de
664 967 772 1029 regno
797 966 876 1012 cum
901 947 1080 1012 moliretur
1107 943 1294 1027 expellere,

338 1050 485 1132 contigit
499 1049 597 1113 illum
612 1047 742 1125 villam,
760 1067 839 1131 quae
857 1047 1005 1131 Anglioe
1029 1047 1190 1111 Meretur
1209 1044 1295 1109 dici·

339 1155 407 1226 tur,
425 1168 532 1214 causa
548 1148 702 1213 mulieris
714 1147 907 1233 cujusdam,
923 1168 1002 1212 cum
1015 1148 1136 1231 paucis
1153 1145 1292 1211 adiisse.

309 1246 313 1256 '
340 1248 420 1327 Quo
436 1250 587 1333 cognito,
601 1269 684 1314 suos
699 1249 782 1315 clito
804 1249 1026 1332 conglobavit
1040 1248 1145 1327 illico,
1163 1247 1293 1330 illoque

340 1349 485 1414 festinus
521 1370 598 1414 cum
632 1369 759 1432 magno
795 1350 995 1434 properavit
1034 1349 1191 1431 gaudioe
1223 1367 1293 1430 quo

339 1470 417 1514 cum
442 1451 604 1528 venisset,
628 1471 816 1534 omnesque
839 1451 911 1515 alto
937 1451 1055 1533 sopori
1078 1450 1213 1515 deditos
1243 1450 1293 1512 iu-

340 1552 500 1629 venisset,
518 1571 701 1629 cameram,
716 1552 752 1614 in
767 1571 838 1635 qua
864 1572 927 1617 rex
953 1551 1125 1615 dormiens
1138 1549 1293 1635 jacebat,

338 1652 477 1734 spissim
510 1652 771 1717 circumvallare
800 1652 874 1717 suis
899 1652 1133 1735 praecipiebat.
1186 1650 1289 1729 Quod

337 1773 400 1817 rex
433 1761 471 1817 ut
502 1753 681 1835 comperit,
712 1760 823 1818 strato
854 1753 1001 1836 prosilit,
1030 1765 1127 1817 amna
1158 1751 1291 1834 arripit,

338 1855 464 1919 ostium
481 1873 625 1918 camerae
644 1854 767 1936 aperit,
783 1861 818 1918 et
833 1853 1020 1936 pugnando
1036 1872 1074 1917 se
1087 1854 1291 1936 impugnan-

339 1955 431 2019 tibus
463 1954 605 2020 ririliter
629 1954 778 2020 resistit:
820 1956 895 2019 viso
924 1953 1064 2019 tandem
1087 1953 1226 2032 clitone,
1255 1953 1290 2016 in

337 2055 433 2119 illum
453 2056 609 2138 protinus
631 2056 744 2134 irruit,
762 2075 908 2138 eumque
932 2054 1059 2138 oppido
1077 2054 1290 2135 vulneravit3

337 2157 436 2241 cujus
454 2156 579 2221 milites
596 2156 660 2220 hoc
675 2156 843 2234 videntes,
858 2157 959 2219 simul
975 2176 1094 2220 omnes
1116 2157 1151 2219 in
1173 2175 1289 2238 regem

337 2258 565 2334 insurrexere,
607 2255 893 2340 vulneratumque
938 2256 1149 2321 interfecere.
1216 2256 1289 2320 Ex·

335 2358 463 2422 clamat
490 2357 611 2421 mulier
635 2376 706 2439 prae
730 2358 853 2422 timore
877 2363 912 2422 et
942 2356 1072 2435 dolore,
1101 2356 1289 2441 impletque

335 2477 506 2521 cameram
522 2455 627 2520 flebili
642 2455 802 2521 clamore.
856 2456 1018 2523 Accurrit
1032 2459 1189 2541 paucitas
1205 2459 1291 2522 mili-

335 2565 422 2634 tum,
449 2577 565 2638 regem
582 2557 677 2621 videt
701 2557 864 2634 occisum,
880 2578 982 2640 quem
1007 2558 1111 2641 paulo
1139 2566 1219 2623 ante
1236 2578 1290 2624 re-

336 2657 485 2740 liquerat
508 2657 645 2722 vivum:
674 2664 885 2741 quapropter
910 2659 971 2724 irae
993 2659 1144 2724 stimulis
1167 2660 1289 2742 exagi-

336 2765 412 2822 tata
434 2757 693 2841 perplurimum,
719 2759 913 2841 evaginatis
939 2760 1131 2839 machaeris,
1153 2761 1188 2824 in
1211 2759 1288 2843 ejus

334 2857 572 2924 interfectores
602 2879 765 2940 magnum
796 2860 880 2925 iacit
905 2860 1081 2943 impetum.
1131 2859 1287 2926 Atilios

335 2959 417 3023 clito
434 2959 607 3025 allocutus
629 2959 862 3037 blandissime,
880 2961 1049 3042 promittit
1070 2960 1194 3046 cuique
1216 2982 1287 3027 non

335 3059 505 3124 modicum
527 3061 694 3144 pecuniae,
713 3062 884 3144 promittit
909 3063 1014 3126 etiam
1041 3062 1166 3141 vivere,
1189 3063 1219 3126 si
1241 3064 1286 3128 ab

333 3160 497 3242 incoeptis
535 3162 643 3226 velint
679 3161 854 3226 desistere.
907 3162 966 3226 Illi
999 3182 1080 3226 vero
1117 3146 1303 3246 promissa·

334 3269 513 3343 spernunt,
535 3263 659 3344 coeptis
684 3263 870 3336 insistunt;
894 3263 954 3326 sed
983 3282 1112 3340 omneS,
1140 3272 1287 3347 excepto

334 3382 403 3426 uno
432 3363 607 3428 Britonico
630 3363 749 3428 obside
776 3363 876 3427 nimis
897 3363 1091 3440 vulnerato,
1115 3365 1286 3431 occidunt.

335 3462 442 3527 Mane
482 3471 610 3542 autem,
641 3470 751 3528 morte
787 3464 878 3545 regis
908 3464 1039 3542 audita,
1069 3464 1141 3528 dux
1177 3465 1288 3548 ipsius

336 3561 480 3629 Osricus
501 3565 566 3628 sibi
590 3564 828 3642 amicissimus,
855 3571 890 3629 et
906 3563 1100 3630 Wiserthus
1124 3565 1200 3650 ejus
1223 3567 1288 3630 mi·

334 3665 442 3728 nister
465 3665 692 3742 fidelissimus,
709 3684 786 3728 cum
802 3666 958 3729 omnibus
982 3686 1070 3749 quos
1093 3685 1156 3730 rex
1178 3667 1287 3750 pridie

334 3765 426 3829 domi
456 3766 652 3848 reliquerat,
679 3765 813 3829 citatim
840 3766 1069 3841 advolarunt;
1105 3765 1166 3830 sed
1193 3767 1285 3832 fores

334 3873 476 3929 cunctas
491 3873 623 3931 seratas
647 3867 873 3942 invenerunt3
899 3885 986 3948 quas
1001 3865 1083 3929 dum
1098 3867 1288 3933 moliuntur

334 3964 526 4046 effringere,
543 3966 586 4030 ad
603 3986 662 4031 eos
678 3967 760 4031 clito
777 3964 942 4030 accedens
957 3966 1138 4050 intrepide,
1154 3988 1289 4048 aurum,

504 4187 509 4216 ¹
529 4178 589 4242 Sax.
602 4193 694 4243 Chron.
707 4208 730 4243 a.
743 4197 799 4243 782.
837 4193 898 4243 Sim.
911 4192 1033 4244 Dunelm.
1045 4209 1069 4246 a.
1081 4198 1138 4245 783.
