2940 4860
386 386 578 434 uronuuun
606 388 883 436 wreoururusrs.
1050 374 1117 438 129

164 559 245 602 mox
259 546 470 625 properavit,
491 563 638 627 eamque
653 564 717 607 suo
732 545 883 608 dominio
900 547 1112 629 subjugavit.

166 638 252 703 Inde
280 661 422 706 movens
451 644 653 719 exercitum,
680 644 723 707 ad
753 644 1003 725 Suotiugaham
1032 666 1112 728 pro-
1125 661 1240 721 mm

163 737 273 803 lectus
297 749 362 818 est,
384 752 593 824 captamque
619 744 736 806 urbem
759 745 925 808 resarcire
943 745 1061 827 jussit,
1076 721 1271 813 offlam

162 837 198 901 iu
225 859 268 902 ea
293 840 426 922 Anglos
449 843 612 906 simulet
640 843 759 906 Dauos
780 843 973 907 collocavit.
1026 844 1112 909 Pro·
1124 873 1233 913 merres

162 956 260 1001 cessu
282 959 364 1003 vero
389 942 568 1024 temporis,
594 942 689 1023 prius
719 941 917 1006 Merceuses
935 962 1055 1007 omues
1076 923 1263 1012 ermis

162 1036 283 1102 Dauos
301 1039 469 1104 Marciam
485 1041 730 1117 inhabitantes,
747 1041 909 1124 deinceps
926 1050 996 1106 trec
1012 1062 1110 1123 reges
1121 1022 1211 1112 {affin

163 1135 367 1219 Brytouum,
380 1139 538 1204 videlicet
551 1139 689 1216 Howel,
701 1139 877 1224 Clyttwic,
891 1149 928 1205 et
942 1140 966 1204 J
969 1141 1110 1218 uthwal,

162 1253 238 1299 eum
254 1239 328 1301 suis
342 1240 491 1321 populis,
507 1241 612 1302 insui
629 1239 794 1303 ditionem
808 1239 979 1303 obtinuit.¹

210 1336 416 1401 Autumuali
449 1347 604 1422 tempore
643 1358 706 1402 rex
738 1339 983 1403 invictissimus
1017 1339 1109 1404 Ead-
1139 1345 1165 1382 Δ·
1173 1343 1201 1382 1)·
1210 1343 1256 1382 ⁹²⁰·

160 1435 295 1499 wardus
322 1438 367 1501 ad
396 1438 606 1502 Thealwaele
630 1437 805 1520 profectus
828 1447 894 1515 est,
916 1438 1110 1520 ibidemque
1122 1408 1238 1496 llll&

1120 1511 1209 1546 tornat

160 1535 277 1598 urbem
290 1538 498 1614 construxit,
514 1545 550 1602 et
572 1537 616 1599 ad
640 1538 717 1621 ejus
742 1538 939 1620 praesidium
954 1557 1110 1620 quosque
1121 1555 1230 1596 menn

160 1632 362 1700 fortissimos
375 1637 419 1700 de
442 1638 596 1701 exercitu
613 1657 677 1700 suo
692 1636 840 1718 reliquit.
892 1638 991 1701 Misit
1005 1638 1109 1702 etiam
1123 1661 1257 1704 neuere

159 1732 194 1794 in
213 1732 521 1818 Northhymbriam
540 1737 750 1800 merciorum
772 1737 976 1814 exereitum,
990 1743 1030 1800 ut
1052 1757 1108 1800 ur·
1120 1715 1221 1754 “m

159 1831 236 1894 bem
262 1834 515 1898 Mameceaster
542 1843 788 1911 restaurarent,
813 1843 849 1899 et
875 1837 911 1898 in
939 1856 982 1900 ea
1002 1836 1110 1899 fortes

159 1931 284 1995 milites
316 1933 551 1998 collocarent.²
603 1934 691 1999 Post
724 1934 798 1998 haec
831 1935 876 1997 ab
909 1934 1214 2017 AElfwyuuaumyn

159 2039 261 2112 nepte
285 2052 351 2096 sua
376 2041 584 2116 potestatem
609 2034 708 2115 regui
734 2034 943 2097 Merciorum
969 2034 1109 2115 penitus
1121 2009 1219 2058 ‘m'

159 2129 297 2208 ademit,
315 2140 351 2196 et
363 2133 400 2194 iu
415 2132 723 2197 West-Saxoniam
739 2132 818 2197 duci
833 2130 1022 2215 praecepit.⁸

208 2229 288 2294 Rex
302 2233 548 2295 invictissimus
563 2231 778 2296 Eadwardus
790 2231 921 2308 Senior,
936 2239 1018 2295 aute
1034 2230 1111 2293 Na·
1138 2255 1198 2295 no.
1208 2256 1253 2296 on.

160 2328 329 2393 tivitatem
355 2330 530 2397 Johounis
556 2331 725 2413 Baptistae
754 2330 814 2416 [24
830 2330 853 2395 J
857 2330 930 2416 uu]
946 2350 1026 2394 cum
1050 2349 1108 2393 ex·
1120 2321 1270 2411 ffimm,

158 2428 329 2508 peditione
344 2431 595 2512 Snotiugaham
610 2431 707 2508 adiit,
733 2439 781 2506 et,
806 2431 843 2493 in
867 2430 1010 2494 australi
1033 2421 1273 2511 monnone.

159 2526 308 2593 fluminis
333 2529 485 2605 Treutae,
515 2532 646 2607 urbem,
672 2539 794 2595 contra
823 2531 940 2592 urbem
973 2548 1051 2610 quae
1073 2529 1110 2591 iu

159 2625 267 2691 altera
282 2630 359 2711 ripa
373 2630 441 2692 sita
456 2637 542 2706 erat,
558 2629 753 2708 aedificavit,
772 2637 808 2694 et
821 2629 911 2693 iuter
929 2635 1110 2710 utramque

159 2723 295 2790 firmum
309 2735 451 2810 pontem
467 2729 539 2792 fieri
558 2728 748 2793 mandavit.
802 2728 889 2792 Inde
913 2747 990 2790 cum
1009 2746 1109 2789 exer·
1121 2748 1244 2788 naono

160 2823 230 2888 citu
256 2826 300 2889 ad
325 2827 657 2892 Beadecanweallan
688 2827 877 2910 profectus
907 2846 977 2890 nou
1007 2797 1238 2906 longe¹³⁸¹⁸'‘¹¹'

160 2924 203 2985 ab
219 2942 261 2987 ea
277 2927 396 2989 urbem
411 2928 618 3004 construxit,
635 2934 669 2991 et
691 2928 728 2991 iu
753 2927 815 2990 illa
840 2925 966 2989 milites
982 2925 1111 2990 viribus

160 3023 321 3088 robustos
351 3027 479 3108 posuit.
533 3027 586 3090 Eo
615 3033 770 3108 tempore
800 3045 863 3088 rex
895 3020 1256 3089 Scottorum⁴sunmmnn

1124 3095 1148 3134 ol
1154 3095 1191 3134 the
1199 3095 1257 3133 seot-

160 3139 238 3184 cum
262 3131 337 3188 tota
364 3131 466 3206 gente
490 3144 566 3201 sua,
583 3119 817 3205 Reignoldus⁵
842 3143 904 3187 rex
932 3124 1111 3187 Dauorum
1124 3144 1220 3232 mu

160 3237 237 3282 cum
248 3219 374 3305 Anglis
385 3230 421 3287 et
430 3225 542 3288 Danis
554 3223 861 3304 Northhymbriam
871 3220 1111 3296 incolentibus
1123 3244 1194 3291 nug..

196 3417 281 3471 ¹Sax.
304 3423 398 3472 Chron.
420 3438 444 3474 a.
467 3428 525 3473 922.
569 3423 622 3471 De·
647 3422 677 3471 of
695 3421 798 3482 Lethru,
820 3421 867 3469 but
890 3418 941 3468 hed
967 3419 1031 3469 been
1057 3416 1112 3467 sold

159 3490 245 3538 functo
276 3491 427 3542 Athelstuuo
459 3494 622 3542 wiltuniensi
648 3505 677 3544 aa
694 3506 711 3540 o
728 3491 798 3540 slave
813 3493 839 3538 to
856 3488 980 3537 awidow
993 3487 1113 3536 othrit·

161 3560 290 3623 episeopo,
315 3563 439 3611 successit
461 3563 528 3612 Odo.
556 3561 622 3611 Add.
648 3560 762 3623 tiughom
789 3560 816 3607 in
845 3556 1029 3618 Liucolushire,
1049 3557 1113 3605 from
1177 3557 1180 3561 ’

160 3629 210 3676 otio
220 3644 300 3680 moro.
649 3630 733 3677 whom
750 3629 782 3676 he
798 3641 853 3678 was
869 3626 1002 3675 redeemed
1019 3627 1054 3686 by
1070 3625 1113 3674 the

195 3695 282 3748 'San
295 3699 388 3750 chron.
401 3705 496 3750 emt.
649 3698 830 3757 ecclesiastice,
848 3697 898 3744 ond
919 3695 1003 3743 raised
1025 3700 1051 3743 to
1070 3694 1113 3742 the

196 3764 296 3818 ³1b0e.
307 3773 366 3818 919.
650 3769 737 3816 throne
754 3767 783 3815 os
796 3766 885 3815 Deire.
920 3763 1038 3814 Guthred
1054 3763 1114 3811 died

195 3835 280 3887 ⁴Rex
308 3838 466 3902 Scottorum]
503 3838 625 3887 Constan-
651 3839 676 3885 iu
689 3840 746 3900 894,
756 3836 858 3896 leaving
868 3834 939 3883 three
951 3847 1025 3892 sonu
1043 3831 1114 3892 Niel,

159 3907 220 3956 tine.
651 3905 814 3967 Sihtric,eud
832 3900 955 3964 Regnald.
992 3901 1112 3951 sresm.

195 3973 206 4002 ⁶
224 3975 395 4041 striganum]
414 3977 532 4038 Regnald
543 3990 597 4024 was
608 3990 624 4023 a
651 3976 771 4024 Duuelm.
779 3974 821 4022 De
830 3973 926 4034 Gestis,
933 3984 958 4020 a.
966 3975 1023 4032 888,
1030 3970 1113 4032 ejirsd.

161 4059 207 4093 son
222 4044 251 4093 ol
264 4045 391 4107 Guthred,
401 4046 469 4107 who,
481 4046 502 4094 it
517 4047 540 4094 is
558 4044 624 4105 said,
651 4040 1113 4095 HistDuuelm.Ecclee.11.ll.aud

161 4129 215 4162 was
232 4128 249 4163 a
265 4129 310 4164 rou
327 4115 356 4163 of
368 4115 552 4176 Hiirtlrekuud,
562 4115 625 4176 king
652 4114 740 4175 Suhm,
752 4113 821 4161 Hist.
834 4111 864 4160 ul
871 4111 964 4161 Deum.
977 4123 1006 4159 ιι.
1017 4113 1058 4158 25.

940 4201 962 4246 K
