2940 4860
410 415 601 463 ruonuurn
630 413 912 463 wrconurrusis.
1090 400 1133 464 '77

181 592 298 636 omnes
314 573 440 637 accolae
466 572 560 636 illius
584 582 685 639 terrae
709 573 987 656 conjuraverunt,
1005 582 1043 639 ut
1056 574 1134 640 nul·

181 673 252 737 lum
263 693 416 757 unquam
428 695 545 757 regem
560 694 664 757 super
676 695 713 738 se
727 694 874 756 regnare
886 662 1135 756 permitterent,

182 775 241 856 qui
257 775 411 857 reginam
430 776 467 838 in
493 775 602 856 regali
630 776 716 839 solio
739 775 845 859 juxta
868 795 905 839 se
931 775 1050 840 sedere
1074 777 1135 839 im·

83 934 86 939 .
182 894 303 957 perare
324 875 438 939 vellet.
490 881 512 909 “
526 876 699 940 Defuncto
715 876 822 958 igitur
849 875 1020 940 Bribtrico
1042 895 1135 957 rege,

186 994 262 1038 cum
278 977 400 1057 regina
414 977 503 1040 inter
518 976 675 1040 Saxones
690 976 818 1041 diutius
834 996 992 1041 essenon
1009 985 1136 1058 posset,

182 1075 275 1140 ultra
301 1096 395 1140 mare
421 1077 603 1157 navigans,
627 1096 706 1139 cum
731 1077 1036 1156 innumerabilibus
1061 1077 1136 1140 the-

184 1176 306 1253 sauris,
323 1176 506 1252 Karolum,
521 1177 616 1240 illum
641 1175 907 1241 famosissimum
925 1176 1135 1240 Francorum

185 1295 314 1358 regem,
331 1277 438 1357 adiit:
466 1276 510 1339 ad
526 1296 642 1360 quam,
658 1297 737 1340 cum
752 1284 833 1341 ante
848 1277 1011 1341 solarium
1027 1277 1137 1342 multa

184 1377 258 1458 regi
287 1377 431 1442 offerens
456 1377 547 1440 dona
577 1384 698 1454 staret,
723 1375 878 1441 Karolus
910 1377 970 1454 ait,
1003 1377 1137 1459 ‘Elige

186 1476 362 1554 Eadburh,
377 1497 480 1559 quem
498 1477 595 1554 velis,
613 1498 668 1541 me
685 1486 746 1542 aut
764 1477 872 1541 filium
887 1497 1011 1553 meum,
1028 1478 1087 1560 qui
1102 1479 1137 1541 in

186 1578 254 1642 isto
282 1578 410 1642 solario
436 1584 507 1642 stat
535 1577 692 1642 mecum!
743 1575 794 1642 At
816 1578 888 1655 illa,
914 1578 986 1642 sine
1010 1577 1140 1642 dabbe-

186 1679 331 1755 ratione,
357 1678 463 1742 stulte
490 1678 712 1760 respondem,
737 1678 797 1755 ait,
824 1677 885 1742 ‘Si
910 1678 993 1742 mibi
1016 1679 1141 1743 electio

187 1778 395 1855 conceditur,
407 1778 514 1842 filiurn
532 1786 642 1856 tuum,
657 1779 692 1840 in
709 1784 877 1860 quantum
892 1786 927 1843 te
937 1779 1057 1863 junior
1074 1786 1136 1856 est,

186 1873 300 1963 eligo?
351 1878 505 1943 Karolus
520 1879 570 1943 illi
585 1878 804 1962 respondem,
820 1885 855 1944 et
869 1875 1061 1956 subridens
1076 1880 1138 1957 ait,

188 1979 245 2044 ‘Si
268 2000 323 2044 me
346 1979 502 2062 eligeres,
518 1978 625 2042 filium
650 1999 763 2043 meum
779 1979 940 2053 haberes3
974 1980 1034 2043 sed
1057 1980 1139 2061 quia

188 2080 296 2145 lilium
325 2099 437 2144 meum
468 2080 616 2161 elegisti,
645 2099 708 2143 nec
735 2099 789 2143 me
818 2100 881 2145 nec
909 2079 1006 2143 illum
1032 2078 1137 2144 babe-

188 2181 264 2245 bis!
316 2181 424 2245 Dedit
445 2181 477 2244 ei
499 2187 615 2244 tamen
638 2200 745 2243 uuum
767 2199 930 2260 magnum
951 2181 1138 2244 sanctimo-

188 2281 332 2345 nialium
361 2281 618 2357 monasterium,
644 2280 784 2362 inquo,
808 2280 964 2363 deposito
991 2279 1138 2344 seculari

188 2381 321 2459 habitu,
353 2387 389 2445 et
425 2380 739 2446 sanctimonialium
763 2388 902 2463 sumpto
925 2380 1141 2457 indumento,

189 2481 370 2565 perpaucis
407 2481 506 2545 anuis
543 2480 728 2545 abbatissae
761 2481 970 2562 fungebatur
1006 2479 1138 2562 officio;

189 2602 268 2646 nam
295 2601 317 2648 a
346 2581 497 2664 quodam
519 2580 608 2645 laico
634 2588 872 2664 constuprata,
894 2581 1075 2667 ejectaque
1097 2582 1140 2646 de

189 2683 410 2760 monasterio,
426 2680 549 2745 Karoli
562 2682 653 2764 regis
667 2682 822 2763 imperio,
833 2682 869 2745 in
884 2689 1088 2764 paupertate
1105 2689 1141 2746 et

190 2784 328 2847 miseria
364 2782 560 2846 lethotenus
597 2783 704 2845 vitam
742 2781 865 2846 duuit.1
917 2782 1019 2848 Vixit
1057 2803 1140 2865 ergo
1154 2835 1257 2878 Deam,

192 2883 411 2948 AEthelwlfus
426 2903 489 2947 rex
504 2883 638 2946 duobus
662 2883 761 2947 annis
776 2890 960 2966 postquam
982 2901 1004 2947 a
1027 2882 1142 2948 Roma
1153 2885 1285 2929 ΜΝ·

191 2985 311 3058 rediit3
336 2983 371 3047 in
386 2984 524 3066 quibus,
539 2983 630 3047 inter
645 2983 714 3046 alia
738 2983 848 3049 multa
863 2983 1044 3066 praesentis
1058 2985 1141 3049 vitae

191 3084 282 3149 bona
318 3084 446 3161 studia,
478 3083 636 3166 cogitans
666 3083 707 3146 de
738 3103 802 3148 suo
831 3084 876 3148 ad
907 3085 1142 3150 universitatis

193 3185 283 3249 viam
306 3185 467 3261 transitu,
482 3203 524 3248 ne
542 3184 596 3247 sui
620 3183 682 3246 filii
705 3191 784 3266 post
805 3185 912 3267 patris
936 3186 1068 3250 obitum
1089 3187 1142 3250 iu·

192 3284 305 3349 debite
317 3285 406 3349 inter
420 3303 458 3349 se
474 3282 716 3366 disceptarent,
728 3283 981 3349 haereditariam
996 3286 1144 3350 scribere

192 3385 375 3469 imperavit
397 3384 590 3468 epistolam,
613 3384 649 3448 in
672 3404 742 3466 qua
765 3393 801 3449 et
826 3386 923 3468 regni
945 3386 1035 3450 inter
1057 3386 1145 3450 filios

194 3484 455 3550 AEthelbaldum
476 3491 511 3549 et
534 3483 825 3563 AEthelberbtum,
843 3492 878 3550 et
902 3486 1048 3569 propriae
1074 3486 1144 3551 hae-

193 3586 353 3650 reditatis
367 3586 458 3650 inter
471 3585 560 3650 filios
576 3591 611 3649 et
624 3585 730 3649 filiam
746 3592 781 3649 et
790 3586 899 3653 etiam
917 3587 1145 3670 propinquos3

194 3687 430 3769 pecuniarum,
455 3705 533 3768 quae
553 3692 633 3767 post
655 3703 693 3749 se
716 3693 945 3767 superessent,
963 3687 1053 3750 inter
1072 3688 1146 3751 ani-

194 3806 286 3851 mam
300 3794 335 3851 et
344 3786 433 3850 lilios
448 3793 484 3850 et
497 3785 599 3849 etiam
610 3785 741 3850 nobiles
751 3805 832 3850 suos
843 3785 1045 3850 divisionem
1057 3787 1147 3851 ordi-

195 3887 358 3970 nabiliter
373 3886 496 3951 litteris
506 3885 670 3950 mandare
679 3887 888 3969 procuravit.
913 3885 982 3950 Pro
998 3887 1149 3952 utilitate

1155 3339 1257 3382 niuniu.

230 4092 663 4158 ¹Vitumduxit.]1tautadulti·
688 4109 754 4157 mus,
785 4095 898 4156 quotidie
934 4096 1088 4162 mendicans,
1124 4100 1150 4148 in

195 4181 274 4229 mum,
286 4181 336 4215 uno
348 4165 448 4215 servulo
459 4166 587 4226 comitata,
596 4166 663 4213 sicut
689 4165 771 4213 Paria
799 4164 977 4216 miserabiliter
1003 4174 1150 4220 moraretur.

196 4237 311 4287 amultis
329 4236 474 4285 ridentibus
490 4250 546 4285 eam
563 4235 662 4284 audivi·
689 4232 791 4285 dam.
954 4240 956 4244 ⁴
