2940 4860
405 411 599 461 rnoanuru
627 411 911 463 w1eonu1eus1s.
1089 400 1134 464 75

178 589 296 634 secum
327 570 466 648 ducens,
496 572 544 636 ibi
571 591 662 637 anno
687 572 822 654 integro
850 579 1041 637 remoratus
1068 581 1131 637 est.

183 669 264 751 Quo
288 679 442 754 peracto,
458 673 501 736 ad
517 674 663 755 patriam
679 692 777 737 suam
793 673 971 749 remeavit,
987 672 1133 738 afferens
1147 692 1236 735 mareu

182 792 299 836 secum
314 773 338 838 J
340 773 515 851 uthittam,
532 773 656 838 Karoli
674 775 886 838 Francorum
902 775 993 855 regis
1015 773 1132 838 filiam.
1145 747 1229 787 Μ

182 873 322 938 Interea
337 881 453 938 tamen
469 874 670 940 AEthelwlfo
684 895 765 958 rege
780 874 873 940 ultra
888 894 983 938 mare
997 875 1133 939 tantillo

181 981 337 1057 tempore
377 975 592 1052 immorante,
629 975 788 1057 quaedam
824 974 966 1038 infamia
1014 982 1094 1039 cont
1146 1010 1173 1036 tn
1202 960 1217 1060 ⁵·
1251 976 1256 995 ¹

182 1094 312 1140 morem
344 1077 496 1140 omnium
536 1075 821 1151 Christianorum,
858 1076 893 1139 in
932 1067 1134 1140 occidentali
1145 1059 1241 1146 iiiiii?

183 1183 283 1259 parte
305 1176 474 1242 Selwudae
494 1183 572 1240 orta
599 1182 661 1240 est.
715 1176 808 1240 Nam
835 1176 1035 1240 AEthelbald
1058 1149 1277 1254 rex,AE‘h⁰¹w⁰¹s'

183 1284 219 1341 et
247 1276 417 1341 Ealhstan
443 1276 720 1341 Scireburnensis
751 1277 905 1341 ecclesiae
939 1277 1132 1359 episcopus,

185 1376 326 1442 Eanwlf
345 1396 482 1461 quoque
498 1377 781 1442 Sumurtunensis
797 1396 897 1459 pegae
912 1397 1039 1455 comes,
1052 1397 1132 1442 con·

180 1476 319 1561 jurasse
344 1479 551 1556 reseruntur,
575 1498 618 1542 no
641 1497 794 1560 unquam
811 1477 995 1543 AEthelwlf
1014 1488 1134 1556 rema

186 1578 301 1644 Roma
332 1588 521 1656 revertens,
555 1579 679 1642 iterum
711 1579 748 1642 in
778 1598 885 1660 regno
912 1579 1131 1661 reciperetur.

186 1677 287 1757 Quod
316 1680 510 1744 inauditum
534 1681 692 1743 omnibus
718 1681 853 1744 saeculis
879 1688 960 1744 ante
989 1679 1134 1745 infortu-

183 1780 289 1858 nium,
310 1781 472 1864 episcopo
498 1787 534 1845 et
559 1781 675 1845 comiti
697 1779 912 1845 solummodo
935 1781 1135 1863 perplurimi

185 1887 358 1964 reputant,
386 1901 430 1946 ex
466 1900 613 1964 quorum
641 1882 782 1946 consilio
813 1881 876 1945 hoc
903 1880 1032 1945 sactum
1059 1901 1134 1945 esse

184 1981 400 2064 perhibetur:
424 1982 525 2046 multi
551 2001 688 2064 quoque
711 1982 819 2062 regali
843 1981 1058 2046 solummodo
1084 1982 1134 2045 in-

185 2081 340 2147 solentiae
366 2082 554 2165 deputant3
580 2083 662 2165 quia
678 2089 713 2146 et
735 2083 794 2146 ille
818 2101 881 2146 rex
895 2082 930 2144 in
947 2082 1012 2145 hac
1027 2102 1075 2159 re,
1100 2089 1135 2146 et

184 2183 221 2246 in
235 2183 354 2247 multis
370 2183 446 2247 aliis
461 2184 757 2266 perversitatibus,
774 2183 935 2267 pertinax
953 2182 1030 2260 fuit,
1046 2183 1136 2246 sicut

185 2283 399 2367 quorundam
423 2283 597 2348 hominum
620 2283 732 2347 relatu
757 2283 962 2361 audivimus,
986 2284 1076 2366 quod
1100 2291 1135 2348 et

184 2384 235 2448 rei
247 2385 423 2466 sequentis
438 2385 646 2467 approbavit
664 2384 815 2448 effectus
868 2383 956 2448 Nam
971 2384 1135 2448 redeunte
1147 2409 1263 2470 mering-

185 2504 226 2548 eo
241 2504 263 2549 a
280 2486 406 2563 Roma,
424 2484 609 2568 praedictus
624 2485 715 2549 filius
730 2485 821 2566 regis
840 2484 1040 2562 AEthelwlfi,
1057 2505 1134 2549 cum
1147 2460 1291 2551 pappus
1330 2479 1333 2483 ⁷

185 2586 341 2650 omnibus
353 2587 425 2650 suis
438 2586 652 2662 consiliariis,
667 2587 771 2649 immo
786 2584 984 2662 insilieriis,¹
1000 2592 1133 2650 tantum
1147 2562 1281 2652 illidii-

185 2686 320 2751 sacinus
355 2693 553 2769 perpetrare
573 2686 733 2769 temptati
763 2692 856 2763 sunt,
884 2692 924 2751 ut
960 2706 1076 2767 regem
1113 2664 1203 2760 auur.

185 2806 292 2868 regno
322 2788 462 2870 proprio
490 2788 715 2870 repellerent;
745 2787 838 2870 quod
863 2806 926 2850 nec
956 2787 1054 2851 Deus
1084 2787 1135 2852 ita

186 2882 259 2953 tie'ri
288 2889 453 2970 permisit,
479 2907 543 2952 nec
572 2888 704 2952 nobiles
732 2887 838 2951 totius
861 2887 1024 2952 Saxoniae
1053 2907 1134 2953 con·

185 2998 385 3068 senserunt;
408 3009 489 3053 nam
510 3009 554 3053 ne
577 2987 845 3051 irremedicabile
861 2987 1023 3052 Saxonice
1044 2987 1134 3070 peri-

185 3090 312 3167 culum,
344 3090 570 3171 belligerante
600 3094 697 3171 patre
726 3096 762 3153 et
791 3088 876 3166 filio,
906 3088 988 3170 quin
1017 3090 1134 3165 immo,

187 3197 260 3255 tota
273 3210 352 3255 cum
377 3197 479 3272 gente
498 3191 664 3255 ambobus
689 3187 958 3266 rebellantibus,2
984 3191 1135 3255 atrocius

185 3299 220 3355 et
246 3291 418 3356 crudelius
443 3311 505 3374 per
532 3291 605 3355 dies
635 3290 790 3373 singulos
816 3291 915 3373 quasi
941 3290 1057 3353 clades
1083 3291 1134 3353 in-

186 3393 313 3457 testina
353 3400 559 3474 augeretur;
598 3391 762 3455 ineffabili
794 3392 903 3472 patris
940 3390 1134 3468 clementia,

186 3495 405 3576 omniumque
452 3491 696 3575 astipulatione
728 3492 904 3569 nobilium,
945 3491 1133 3555 adunatum

185 3602 289 3658 antea
304 3614 448 3676 regnum
462 3593 552 3657 inter
566 3601 700 3676 patrem
725 3600 760 3657 et
782 3592 890 3656 filium
906 3591 1081 3669 dividitur,
1099 3599 1134 3656 et

184 3693 367 3759 orientales
394 3694 508 3776 plagae
536 3695 638 3778 patri,
664 3693 892 3758 occidentales
919 3693 1026 3756 filioe
1052 3712 1133 3756 con·

184 3796 289 3859 trario
310 3795 539 3877 deputantur3
566 3794 624 3858 ubi
648 3795 738 3858 enim
765 3800 864 3876 pater
882 3794 980 3878 justo
1002 3792 1134 3877 judicio

183 3914 327 3977 regnare
341 3895 518 3973 debuerat,
547 3895 617 3959 illic
640 3895 780 3977 iniquus
806 3903 842 3958 et
865 3895 1028 3976 pertinax
1044 3894 1135 3959 filius

183 3998 374 4077 regnabat3
398 4015 477 4062 nam
489 3996 710 4060 occidentalis
726 4015 807 4078 pars
823 3994 984 4058 Saxoniae
1002 4016 1136 4079 semper

182 4097 341 4161 orientali
385 4096 607 4180 principalior
647 4103 710 4161 est.
772 4094 988 4162 Adveniente
1029 4098 1137 4179 igitur

287 4246 297 4280 ¹
314 4247 499 4301 lnsidiariisd.
651 4243 657 4317 Ι
706 4246 881 4300 'Rebellante
892 4248 925 4301 A.
