2940 4860
434 393 500 459 280
556 409 767 457 CHRONICON
787 408 979 456 umanum!
1005 406 1286 456 wlconuluusrs.

434 586 559 650 scopos
577 567 721 632 Scottiae
738 575 773 631 et
792 567 987 646 Orcadum3
1011 567 1101 631 sicut
1118 567 1389 632 Cantwariensis

435 667 540 732 habet
563 668 743 750 episcopos
770 668 948 731 Hiberniae
976 674 1012 732 et
1031 668 1268 733 Walanorum.
1321 668 1390 732 Pe-

434 769 567 832 rierunt
604 767 810 853 jamdudum
854 769 1076 850 episcopatus
1122 768 1308 851 Hripensis
1353 777 1389 833 et

437 866 744 950 Hagustaldensis,
770 870 806 932 vi
828 867 1049 943 hostilitatis3
1079 875 1115 932 et
1138 871 1389 950 Legaoestren-

434 968 482 1030 sis
509 975 544 1031 et
574 968 874 1045 sidnacestrensis,
904 975 939 1032 et
968 968 1243 1046 Dommooensis,
1273 970 1390 1033 nescio

435 1068 619 1150 quomodo.
683 1067 793 1132 Porro
824 1076 950 1145 autem,
983 1075 1139 1151 tempore
1168 1070 1261 1151 regis
1294 1069 1388 1133 Ead-

434 1168 543 1232 wardi
565 1167 750 1250 Simplicis,
767 1167 1014 1232 cornubiensis
1038 1176 1072 1233 et
1091 1167 1277 1233 Cridiensis
1301 1170 1390 1233 uniti

435 1277 538 1348 sunt3
562 1269 622 1351 qui
638 1269 859 1351 episcopatus
874 1269 1067 1333 translatus
1082 1270 1186 1332 estin
1202 1270 1387 1333 Exoniam.

436 1367 507 1431 Sub
525 1388 606 1449 rege
620 1368 797 1433 Willelmo
814 1368 987 1432 Bastardo
1005 1371 1264 1451 pronuntiatum
1285 1370 1389 1432 estin

435 1468 657 1544 conciliant
683 1468 849 1550 episcopi,
870 1475 1090 1533 transeuntes
1117 1469 1159 1533 de
1177 1470 1281 1545 villis,
1307 1489 1389 1532 con-

435 1567 620 1630 stituerent
639 1568 738 1631 sedes
759 1586 841 1630 snas
865 1567 900 1629 in
922 1569 1065 1631 urbibus
1085 1568 1285 1632 dioecesinm
1307 1589 1388 1632 sua·

434 1686 523 1732 rum.
577 1665 838 1730 Licetfeldensis
861 1686 944 1748 ergo
967 1667 1131 1748 migravit
1151 1669 1187 1731 in
1203 1667 1388 1746 Castriam,

435 1785 513 1848 quae
529 1768 612 1832 olim
631 1766 765 1832 Civitas
786 1766 978 1849 Legionum
996 1767 1194 1847 dicebatur3
1219 1768 1388 1832 Selesien·

434 1869 481 1932 sis
516 1869 552 1932 in
589 1867 804 1945 Cioestriam,
844 1867 1099 1933 Helmamensis
1138 1870 1175 1933 in
1212 1867 1388 1932 Tbedford

434 1970 558 2051 primo,
584 1978 707 2052 postea
731 1969 766 2032 in
797 1968 1018 2043 Norwicum;
1049 1969 1324 2033 Scirebnmensis
1352 1969 1387 2032 in

436 2068 678 2146 Salesberiam,
726 2069 1025 2133 Dorcacestrensis
1069 2069 1105 2133 in
1150 2068 1387 2148 Lincolniam3

435 2189 516 2233 nam
533 2169 822 2234 Lindissarnensis
838 2169 970 2251 pridem
983 2170 1090 2234 veteri
1105 2178 1261 2252 tempore
1275 2176 1389 2233 trans-

434 2269 523 2334 ierat
545 2271 580 2333 in
604 2269 835 2351 Dunelmum;
860 2277 894 2334 et
917 2290 1026 2352 nuper
1050 2270 1238 2336 Wellensis
1260 2270 1295 2334 in
1319 2270 1387 2333 Ba·
1431 2355 1435 2374 Ι

434 2372 600 2436 thoniam.

575 2595 577 2600 ,
606 2558 644 2598 DE
665 2557 785 2599 sumnus
805 2557 1004 2600 EPIscoroaun
1026 2556 1059 2597 IN
1080 2554 1219 2596 concrum.

481 2649 723 2715 CANTWAMAE
738 2652 1017 2732 archiepiscopus
1029 2650 1171 2715 consitio
1186 2651 1387 2729 praesidens,

436 2748 563 2812 babeat
591 2768 612 2812 a
639 2749 763 2812 dextro
794 2748 902 2812 latere
933 2747 1227 2829 archiepiscopum
1254 2747 1387 2813 Ebora·

436 2866 585 2926 oensem,
616 2857 652 2911 et
679 2848 785 2932 juxta
811 2868 889 2911 enm
917 2848 1117 2929 episcopum
1141 2846 1343 2924 Wintoniae,
1367 2869 1389 2912 a

435 2947 577 3011 sinistro
604 2954 720 3012 autem
750 2948 1035 3013 Lundoniensem.
1089 2946 1190 3025 Quod
1222 2948 1252 3010 si
1278 2949 1387 3012 conti·

436 3047 526 3128 gerit
551 3054 591 3111 ut
617 3047 887 3113 Cantwariensis
915 3049 1044 3131 primas
1072 3046 1232 3124 defuerit,
1256 3047 1389 3112 Ebora-

435 3148 547 3212 censis
568 3146 847 3232 archiepiscopus
868 3149 1011 3213 consilio
1034 3147 1237 3230 praesidens,
1261 3148 1388 3213 habeat

435 3267 457 3310 a
473 3247 599 3313 dextra
619 3256 719 3332 parte
741 3248 1018 3314 Lundoniensom
1036 3249 1245 3330 episcopum,
1263 3268 1285 3312 a
1308 3249 1387 3312 sini·

434 3353 509 3412 stra
529 3350 815 3415 Wintoniensem.
869 3348 994 3414 Caeteri
1018 3349 1205 3412 secundum
1230 3355 1387 3431 tempora

435 3449 687 3515 ordinationum
703 3449 824 3514 sedilia
838 3470 903 3515 sna
919 3457 1117 3534 agnoscant.

522 3709 655 3752 uxrmmr
675 3709 763 3752 LIBER
782 3711 820 3752 DE
841 3711 948 3753 anunm
968 3711 1110 3755 noema
1130 3709 1300 3752 ANGLORUM·

487 4224 491 4232 ·
521 4209 620 4251 Londonr
635 4207 722 4250 Printad
729 4207 757 4260 by
766 4206 788 4246 S.
798 4209 911 4249 Barrus
920 4205 940 4246 dr
949 4206 994 4254 co„
1004 4206 1086 4257 Bangor
1095 4207 1173 4253 Boura,
1183 4205 1237 4245 Sboe
1246 4205 1311 4246 Lana.
