2940 4860
341 380 407 444 110
709 393 919 442 onnouroou

177 572 327 612 106116116-
340 553 466 617 ostium
497 551 678 616 Tamensis
708 550 857 614 fluminis
889 551 1033 624 intrans,
1066 547 1288 611 munitionem

176 623 311 712 altill·
340 654 404 717 sni
427 654 463 716 in
488 653 584 734 regia
611 652 693 715 vna
718 670 796 732 quae
821 649 1016 713 urooeuun
1032 648 1156 712 dicitur
1181 646 1288 710 6111-

340 749 456 816 cavit.¹

196 863 312 903 611894-
391 851 537 932 Pagani,
565 850 624 932 qui
662 849 698 912 N
700 848 946 930 orthymbriam
987 847 1171 922 incoluere,
1210 867 1289 910 eum

178 929 327 1018 1111111111
342 950 497 1013 AElt'redo
512 969 592 1030 rege
603 968 723 1031 pacem
732 947 865 1011 firmam
875 948 1080 1030 juramentis
1096 948 1288 1011 stabiliere:

176 1029 496 1118 11161111ψεί111111161
511 1055 546 1112 et
567 1049 626 1130 qui
645 1045 912 1128 East-Angliam
935 1046 1182 1123 inhabitavere,
1198 1046 1289 1110 datis

176 1129 286 1228 {litim
339 1150 480 1231 insuper
494 1168 557 1212 sex
573 1147 759 1223 obsidibus,
774 1146 903 1224 fecere;
920 1147 980 1209 sed
996 1146 1124 1209 foedere
1138 1146 1289 1227 dirupto,

339 1249 610 1330 quotiescunque
625 1246 798 1310 exercitus
812 1246 848 1308 in
864 1245 988 1309 Cantia
1001 1245 1189 1309 residentes
1202 1266 1291 1327 prae-

339 1346 443 1410 dandi
459 1366 565 1411 causa
577 1347 620 1410 de
639 1347 710 1409 suis
726 1345 970 1409 munitionibus
986 1345 1112 1422 exiere,
1125 1345 1191 1426 ipsi
1206 1352 1289 1409 tune

340 1452 402 1508 aut
427 1465 506 1509 eum
529 1446 598 1508 illis
624 1463 821 1526 perrexere,
843 1451 905 1508 aut
934 1464 1068 1527 perse,
1094 1445 1289 1526 ubicunque

177 1565 258 1605 nura
339 1550 493 1627 potuere,
532 1544 685 1625 praedam
728 1563 839 1624 egere.
903 1543 982 1621 Quo
1026 1544 1178 1624 cognito,
1225 1564 1288 1607 rex

177 1616 276 1713 billi?
342 1644 516 1707 AElfredus
530 1650 664 1725 partem
680 1645 852 1706 exercitus
875 1662 990 1706 secum
1006 1662 1195 1719 assumens,
1210 1663 1290 1725 par·

178 1716 245 1765 ‘hm'
341 1749 422 1819 tem,
438 1751 477 1807 ut
492 1743 636 1818 solebat,
650 1742 743 1805 domi
762 1742 970 1823 relinquens,
986 1743 1169 1806 nonnullos
1185 1743 1289 1807 etiam

340 1843 491 1925 praesidii
508 1861 614 1906 causa
625 1843 662 1904 in
677 1841 827 1905 castellis
842 1842 1051 1924 urbibusque
1066 1842 1289 1920 constituens,

343 1941 502 2005 Cantiam
520 1941 680 2006 festinato
696 1941 936 2022 proficiscitur,
954 1949 989 2005 et
1004 1942 1092 2005 inter
1106 1948 1290 2025 utrumque

343 2041 563 2123 Paganorum
581 2041 781 2117 exercitum,
800 2040 876 2104 loco
903 2040 1040 2122 quidem
1056 2041 1124 2104 situ
1141 2043 1290 2105 naturali

341 2141 485 2219 munito,
525 2148 645 2223 utpote
688 2140 788 2222 aquis
826 2139 926 2221 plene
962 2140 1290 2217 circumfluentibus,

343 2240 443 2305 undis
460 2241 643 2306 admodum
658 2239 898 2321 crispantibus,
913 2239 1064 2320 scopulis
1083 2239 1175 2315 altis,
1193 2240 1289 2304 silvis

343 2340 494 2424 undique
510 2360 547 2404 se
570 2339 832 2421 protelantibus,
858 2345 1123 2402 castrametatus
1141 2346 1215 2414 est;
1239 2341 1289 2405 ita

343 2458 427 2502 sane
454 2447 493 2503 ut
519 2439 549 2503 si
577 2438 725 2521 aliquem
754 2457 913 2520 campum
938 2438 1064 2520 praedae
1090 2438 1145 2502 vel
1176 2441 1290 2520 proelii

343 2557 451 2602 causa
472 2544 641 2619 peterent,
656 2539 729 2602 sine
748 2538 966 2602 cunctatione
991 2557 1067 2601 cum
1088 2537 1157 2601 illis
1180 2546 1289 2602 certa-

343 2657 421 2701 men
451 2638 566 2702 iniret.
617 2637 668 2702 At
685 2637 747 2713 illi,
762 2657 853 2700 nune
876 2637 1051 2719 pedestres
1069 2657 1158 2701 nunc
1185 2658 1288 2720 eque·

342 2743 442 2814 streS,
452 2737 627 2801 turmatim
644 2737 895 2814 latrocinando,
908 2737 1060 2819 praedam
1075 2737 1143 2801 illis
1157 2739 1194 2801 in
1208 2758 1288 2820 par·

342 2837 435 2900 tibus
457 2838 733 2919 frequentabant,
751 2837 811 2911 ubi
835 2837 927 2918 regis
951 2837 1140 2901 exercitum
1169 2839 1290 2903 abesse

340 2935 504 3001 videbant
517 2957 526 3016 3
550 2937 672 3019 quibus
685 2945 801 3001 tamen
815 2937 1083 3018 inopinantibus,
1095 2957 1165 3001 non
1179 2938 1290 3002 solum

341 3035 384 3098 de
398 3037 495 3118 regia
514 3037 745 3118 expeditione,
761 3036 820 3100 sed
847 3043 882 3100 et
903 3036 946 3099 de
971 3038 1112 3101 urbibus
1135 3037 1290 3121 plerique

341 3135 486 3217 singulis
502 3136 572 3199 1616
586 3136 706 3200 diebus
731 3155 771 3201 ac
792 3136 950 3199 noctibus
964 3137 1092 3200 caedem
1106 3138 1289 3216 intentant,

342 3236 496 3318 adeoque
533 3238 748 3317 perturbant,
780 3244 820 3300 ut
859 3235 1019 3300 Cantium
1059 3237 1290 3320 relinquentes

342 3334 454 3400 denuo
484 3336 676 3418 praedatum
704 3336 805 3399 simul
831 3354 948 3399 omnes
971 3336 1109 3400 sedibus
1135 3337 1288 3418 exirent3

342 3455 422 3498 nam
437 3436 472 3498 in
486 3436 639 3518 praedam
663 3435 766 3498 simul
788 3434 944 3499 exierant
961 3435 1042 3498 dum
1060 3436 1128 3500 illis
1147 3438 1182 3499 in
1206 3437 1289 3501 locis

341 3534 498 3615 primitus
526 3535 683 3598 habitare
711 3542 910 3616 coeperant:
942 3535 1002 3598 sed
1025 3535 1090 3598 hae
1116 3537 1191 3599 vice
1216 3556 1289 3600 ma-

337 3631 449 3714 jorem
476 3635 734 3715 uberioremque
764 3633 917 3716 praedam
944 3642 1119 3716 ceperunt,
1142 3635 1291 3700 Tamen·

341 3749 481 3815 semque
508 3733 649 3796 fluvium
673 3734 830 3808 transire,
864 3733 1157 3798 Eam-saxoniam
1185 3736 1291 3812 adire,

341 3831 459 3913 sicque
484 3833 635 3897 classicae
665 3833 781 3896 manui
811 3852 915 3914 quam
945 3835 1182 3914 praemiserant
1212 3855 1289 3898 eum

339 3930 458 4009 pracda
474 3932 614 3995 obviare
628 3931 865 3996 decreverunt.
918 3932 1049 3997 Verum
1074 3935 1118 3997 ab
1136 3936 1290 3999 exercitu

719 4153 727 4186 ¹
746 4156 806 4204 Sax.
819 4155 912 4206 Chron.
