2940 4860
403 397 596 445 anonnnru
625 399 905 448 wrconrrmusm.
1063 386 1126 449 lll

179 550 271 632 regis
287 554 467 634 praeventi,
485 553 609 636 proelio
632 574 709 618 cum
736 556 785 619 eis
804 556 910 639 juxta
935 556 1129 620 Fearnham
1142 573 1274 614 inurerent.

179 653 374 728 commisso,
397 652 584 735 praedaque
614 655 716 717 simul
748 661 877 737 erepta,
907 674 986 718 cum
1020 657 1129 739 equis,
1142 625 1257 715 liiidie

180 769 268 831 quos
298 751 341 814 de
377 752 614 816 transmarinis
650 754 807 835 partibus
837 754 1065 832 adduxerant,
1095 757 1131 820 in

180 849 298 930 fugam
322 870 439 915 omnes
461 859 655 928 vertuntur,
674 853 914 934 Tamenseque
935 855 1041 919 fluvio
1058 855 1132 918 sine

180 948 279 1013 vadis
293 952 452 1027 transito,
466 952 502 1014 in
525 952 673 1015 insulam
689 953 861 1033 quandam
877 954 967 1017 intra
982 961 1132 1017 meatum

183 1048 313 1112 Colniae
336 1050 446 1113 amnis
469 1051 573 1114 sitam
600 1051 787 1132 fugerunt3
810 1053 869 1115 ubi
892 1059 963 1116 tam
990 1052 1050 1115 diu
1073 1053 1133 1115 ob-

174 1147 315 1211 sidione
337 1149 533 1231 cinguntur,
557 1148 665 1213 donec
691 1150 785 1231 regio
804 1152 971 1214 exercitui
993 1159 1027 1215 et
1053 1171 1132 1215 esca

183 1247 357 1326 deficeret,
379 1255 415 1312 et
437 1254 608 1311 statutum
627 1255 760 1331 tempus
773 1249 848 1332 jam
863 1250 1040 1314 adveniret
1063 1270 1132 1332 quo

184 1346 323 1410 domum
338 1347 476 1423 rediret,
490 1348 646 1429 aliusque
658 1348 718 1413 illo
733 1348 937 1430 dirigeretur
951 1349 1134 1413 exercitus

187 1445 266 1524 Quo
283 1446 421 1511 domum
447 1447 621 1524 redeunte,
642 1454 678 1512 et
693 1448 849 1512 AElfredo
873 1468 954 1529 rege
979 1467 1058 1511 cum
1080 1451 1135 1512 sui

185 1546 359 1610 exercitus
379 1546 562 1611 medietate
577 1547 637 1610 illo
654 1554 872 1629 properante,
889 1548 1037 1628 Pagani,
1053 1549 1136 1630 quia

187 1665 249 1709 rex
273 1645 412 1710 illorum
433 1645 559 1727 oppido
581 1645 784 1710 vulneratus
807 1654 893 1724 erat,
913 1648 1058 1728 ideoque
1083 1667 1136 1711 se-

187 1765 266 1809 cum
290 1745 414 1809 ducere
438 1746 552 1828 ipsum
577 1765 644 1809 non
670 1753 868 1827 potuerunt,
894 1747 1020 1810 ibidem
1043 1767 1136 1810 rese-

189 1845 323 1909 derunt.
376 1844 456 1909 Rex
483 1865 565 1910 vero
581 1845 756 1910 AElfredns
785 1846 936 1909 nondum
962 1845 1005 1909 ad
1027 1866 1135 1928 expu-

189 1945 365 2026 gnandum
380 1945 513 2009 hostem
522 1945 588 2009 iter
598 1952 790 2027 peregerat,
804 1953 839 2009 et
854 1965 944 2021 ecce,
954 1946 1137 2009 nunciatur

190 2045 222 2108 ei
237 2045 400 2126 Paganos
416 2044 725 2129 Northhymbriam
748 2051 782 2108 et
803 2043 1071 2126 East-Angliam
1086 2044 1138 2108 in-

191 2144 341 2208 colentes
371 2139 502 2208 const
528 2163 634 2208 naves
657 2163 898 2226 congregasse,
916 2152 951 2208 et
971 2144 1138 2226 quosdam

189 2244 327 2308 illorum
348 2244 534 2308 australem
551 2243 688 2324 Angliae
713 2243 854 2326 plagam
879 2251 1015 2308 centum
1042 2243 1138 2308 navi-

190 2345 268 2421 bus,
291 2344 459 2426 quosdam
481 2363 564 2407 vero
586 2344 888 2425 septentrionalem
913 2345 1053 2426 plagam
1077 2360 1140 2406 xn.

192 2444 338 2508 navibus
377 2444 700 2525 circumnavigasse,
739 2443 817 2507 illos
855 2444 1279 2519 Exanceastramrnenane,

192 2544 278 2608 istos
304 2562 417 2606 arcem
433 2543 606 2626 quandam
625 2544 717 2625 apud
740 2543 970 2608 Domnaniam
985 2563 1054 2606 non
1069 2562 1141 2606 mo·
1153 2520 1241 2609 ἓῗέῗὲῗ.

193 2643 271 2707 dica
286 2662 391 2706 manu
408 2642 593 2706 obsedisse.
648 2643 717 2706 His
738 2643 877 2721 auditis,
900 2662 969 2707 non
993 2642 1142 2727 hostium

194 2742 339 2806 audacia
353 2742 390 2804 in
404 2742 574 2818 timorem,
588 2741 648 2805 sed
671 2743 713 2805 de
737 2743 809 2805 suis
833 2743 869 2805 in
891 2743 1068 2831 obsidione
1090 2761 1144 2804 re-

144 2837 148 2844 ’
194 2842 297 2919 lictis,
313 2861 377 2906 rex
391 2842 538 2906 vertitur
552 2842 588 2904 in
602 2840 761 2904 furorem.
787 2841 873 2904 ³Nec
888 2861 995 2918 mora,
1011 2860 1145 2905 omnem
1165 2813 1219 2918 Δ(

194 2942 387 3024 equitatum
411 2941 589 3019 reducenS,
606 2940 875 3005 Exanceastram
899 2941 1003 3020 adiit3
1024 2941 1145 3023 paucis

195 3049 312 3105 tamen
323 3040 367 3104 ad
382 3040 622 3104 debellandum
634 3059 735 3121 quem
750 3041 995 3122 insequebatur
1010 3041 1144 3104 hostem

196 3138 336 3205 relictis.
402 3139 434 3202 Ii
462 3138 680 3203 Lundoniam
707 3158 816 3219 usque
844 3147 1036 3221 pergentes,
1067 3160 1144 3203 cum

197 3239 328 3304 civibus
343 3245 470 3303 etcum
491 3239 560 3303 illis
576 3239 635 3321 qui
650 3238 715 3302 sibi
730 3239 774 3301 ab
789 3237 991 3302 occidentali
1008 3236 1146 3319 Angliae

196 3339 302 3422 plaga
327 3339 364 3401 in
391 3339 561 3402 auxilium
587 3344 765 3414 venerant,
791 3336 1009 3423 Beanfiotam
1041 3336 1145 3400 adve-

198 3437 315 3518 niunt;
343 3437 426 3501 illuc
451 3438 541 3501 enim
568 3438 754 3501 maximam
770 3436 943 3499 exercitus
971 3435 1148 3499 conducti-

198 3557 309 3616 onem,
325 3556 402 3618 quae
425 3537 517 3618 apud
543 3536 710 3618 Apultreo
730 3536 915 3613 resederat,
934 3535 1147 3610 convenisse,

198 3656 382 3719 regemque
418 3636 564 3699 Haesten
589 3655 667 3699 cum
700 3654 762 3699 suo
795 3635 950 3698 exercitu
979 3634 1022 3697 de
1054 3633 1147 3696 Mid-

198 3736 319 3800 deltun
359 3735 549 3810 advenisse,
582 3735 697 3816 ibique
723 3733 945 3798 munitionem
973 3734 1039 3797 sibi
1067 3753 1148 3796 con-

200 3836 380 3912 struxisse,
406 3835 466 3899 sed
492 3841 574 3899 tunc
597 3834 709 3897 denuo
734 3835 771 3897 in
794 3833 947 3915 praedam
971 3832 1150 3896 audierant

200 3935 434 3999 descendisse:
469 3954 550 3998 nam
578 3934 669 3998 idem
695 3934 800 4016 paulo
834 3939 927 4008 ante,
953 3951 1031 3995 cum
1070 3951 1151 4014 rege

201 4158 210 4190 ¹
227 4155 323 4228 co.xn.]
342 4159 384 4208 An
395 4173 463 4208 error
474 4159 597 4220 probably
608 4159 646 4208 for
657 4171 725 4207 cnr..
743 4157 804 4207 Sum
811 4157 881 4204 hund
894 4156 973 4217 sclpa.
986 4157 1046 4208 Sex.
1059 4155 1153 4207 Chr-on.

1281 282 1340 401 ‘s
