2940 4860
407 416 599 464 rnonnnrn
628 415 908 464 wrconnrnnsrs.
1066 398 1132 464 187

182 572 239 636 via
256 571 405 635 Romam
424 574 582 651 adeundi,
598 582 633 637 et
647 592 691 638 ne
708 580 761 638 tot
776 573 948 636 clausuris
961 593 1023 655 per
1037 573 1130 636 viam

181 680 348 748 artantur,
371 680 407 737 et
428 681 571 756 propter
593 673 710 738 thelon
734 674 900 757 injustum
924 673 1129 754 fatigentur3

180 773 370 855 annuitque
400 773 584 856 postulatis
616 773 814 857 imperator,
833 782 881 839 ⁴et
911 771 1130 855 Rodulphus¹

181 892 255 947 rex,
282 873 342 955 qui
367 875 517 937 maxime
536 875 690 957 ipsarum
717 874 953 937 clausurarum
976 873 1131 936 domina-

181 979 259 1051 tur;
285 973 468 1055 cunctique
492 974 664 1057 principes
684 974 804 1037 edictis
830 973 1066 1049 firmaverunt,
1092 981 1132 1037 ut

181 1071 337 1135 homines
363 1075 442 1151 mei,
469 1082 540 1138 tam
564 1081 771 1137 mercatores
794 1093 897 1156 quam
924 1072 985 1136 alii
1011 1072 1133 1136 orandi

182 1191 288 1235 causa
304 1173 465 1250 viatores,
481 1175 611 1255 absque
626 1175 719 1238 omni
734 1173 878 1255 angaria
894 1173 1132 1236 clausurarum

183 1280 218 1336 et
233 1271 536 1350 theloneariorum,
549 1273 647 1337 firma
663 1293 750 1356 pace
762 1280 797 1337 et
808 1273 906 1357 justa
918 1273 995 1353 lege
1008 1273 1132 1349 securi,

184 1373 333 1436 Romam
354 1380 437 1437 eant
462 1380 498 1436 et
518 1373 670 1437 redeant.
724 1373 943 1456 Conquestus
965 1392 1040 1436 sum
1067 1373 1132 1436 ite·

184 1492 259 1535 rum
276 1492 391 1536 coram
412 1473 549 1536 domino
567 1493 671 1556 papa,
686 1473 820 1536 etmihi
837 1473 937 1538 valde
952 1472 1133 1556 displicere

89 1631 92 1636 .
184 1574 365 1649 causabar,
403 1573 494 1654 quod
531 1573 605 1638 mei>
636 1573 883 1656 archiepiscopi
921 1574 958 1637 in
997 1579 1132 1636 tantum

184 1673 455 1754 angariabantur
476 1673 707 1737 immensitate
731 1673 965 1756 pecuniarum,
988 1693 1065 1754 quae
1089 1674 1133 1735 ab

185 1774 234 1837 eis
274 1774 514 1854 expetebatur,
550 1773 631 1836 dum
670 1792 733 1856 pro
776 1773 883 1855 pallio
921 1772 1133 1855 accipiendo,

184 1873 371 1936 secundum
386 1892 528 1950 morem,
540 1868 765 1955 apostolicam
781 1873 896 1936 sedem
911 1879 1133 1954 expeterent3

185 1972 431 2054 decretumque
459 1980 512 2036 est
542 1993 585 2036 ne
614 1972 649 2036 id
681 1974 843 2056 deinceps
875 1973 947 2035 fiat.
1000 1970 1135 2035 Cuncta

185 2074 275 2136 enim
293 2091 371 2154 quae
388 2091 410 2136 a
424 2072 562 2136 domino
577 2092 681 2156 papa,
699 2081 734 2137 et
754 2074 798 2136 ab
820 2073 896 2156 ipso
917 2072 1135 2155 imperatore,

186 2181 220 2237 et
242 2192 264 2236 a
283 2192 364 2253 rege
388 2172 587 2255 Rodulpbo,
610 2173 813 2254 caeterisque
833 2172 1055 2255 principibus
1076 2192 1136 2253 per

188 2292 334 2355 quorum
365 2281 473 2337 terras
504 2274 603 2336 nobis
628 2273 795 2337 transitus
824 2281 877 2336 est
900 2272 944 2336 ad
975 2271 1136 2349 Romam,

187 2392 250 2456 pro
267 2392 352 2436 meae
369 2374 483 2454 gentis
500 2373 650 2436 utilitate
668 2372 899 2456 postulabam,
913 2372 1137 2436 libentissime
1189 2448 1192 2453 1

188 2479 393 2549 annuerunt,
416 2481 451 2537 et
473 2492 635 2536 concessa
659 2481 873 2537 sacramento
895 2474 1001 2536 etiam
1024 2472 1137 2535 firma-

189 2582 324 2649 verunt,
351 2574 415 2635 sub
444 2573 640 2637 testimonio
662 2589 708 2636 ιν.
736 2572 1084 2655 archiepiscoporum,
1103 2579 1138 2636 et

189 2689 256 2738 xx.
275 2673 528 2755 episcoporum,
551 2681 586 2737 et
608 2674 796 2737 innumerae
820 2673 1051 2736 multitudinis
1074 2673 1138 2736 du·

188 2792 267 2836 cum
290 2780 324 2836 et
350 2773 528 2850 nobilium,
551 2775 610 2855 qui
635 2774 681 2837 ibi
708 2773 863 2838 aderant.
916 2771 1139 2863 Quapropter

190 2873 267 2936 Deo
288 2872 524 2956 Omnipotenti
544 2874 675 2954 gratias
698 2872 1042 2955 magnificastreddo,
1056 2873 1139 2955 quia

96 2974 99 2982 ‘
190 2973 305 3036 omnia
325 2992 403 3054 quae
424 2973 714 3050 desideraveramf
727 2981 829 3056 prout
847 2978 961 3055 men'te
973 2973 1137 3037 decreve-

190 3092 275 3146 ram,
303 3092 467 3155 prospere
498 3073 636 3156 perfeci,
665 3075 825 3155 votisque
859 3066 953 3135 meis‘
975 3072 1018 3136 ad
1051 3071 1138 3136 velle

190 3172 352 3236 satisfeci.
400 3173 504 3236 Nunc
523 3174 642 3254 itaque
657 3181 776 3237 notum
792 3173 840 3236 sit
854 3171 1012 3234 omnibus
1027 3172 1138 3248 vobis,

190 3273 272 3354 quia
286 3273 352 3354 ipsi
374 3273 450 3336 Deo
468 3272 706 3354 Omnipotenti
723 3273 872 3355 supplex
889 3271 1014 3335 devovi
1031 3272 1136 3335 vitam

190 3392 300 3436 meam
333 3373 458 3435 amodo
489 3374 525 3435 in
554 3374 711 3436 omnibus
735 3372 940 3456 justificare,
968 3377 1003 3434 et
1031 3390 1139 3450 regna

192 3473 275 3535 mihi
310 3471 449 3536 subdita
484 3473 700 3554 populosque
727 3471 824 3554 juste
855 3480 892 3535 et
923 3472 977 3552 pie
1008 3490 1140 3551 regere,

227 3631 234 3661 ¹
253 3630 415 3695 liudulphus]
438 3631 492 3680 'l'he
504 3631 580 3680 MSS.
591 3647 653 3693 vary
664 3654 667 3689 t
678 3633 742 3694 bert,
754 3631 839 3680 sonos
851 3631 930 3694 Hugh
944 3631 1034 3694 capet,
1045 3646 1100 3679 was
1115 3637 1142 3680 ut

190 3717 219 3751 as
238 3707 263 3750 to
280 3702 322 3751 the
338 3702 425 3764 prince
441 3702 501 3750 here
518 3702 615 3762 spoken
629 3693 667 3750 orl
679 3703 757 3750 Rome
778 3703 871 3764 during
889 3701 931 3751 the
953 3703 1024 3763 reign
1043 3702 1072 3750 of
1087 3700 1142 3750 that

190 3774 224 3834 by
237 3773 313 3822 Cnut.
352 3774 381 3821 C.
392 3773 443 3820 and
455 3773 489 3820 Β.
498 3744 777 3848 read‘R‹›d·lpontiff,
802 3773 861 3820 who
885 3772 946 3820 died
968 3773 993 3818 in
1016 3772 1058 3820 the
1080 3787 1142 3834 year

190 3843 290 3891 bertus’
307 3843 357 3890 und
379 3840 553 3902 ‘Rodbert03'
577 3841 653 3890 while
681 3846 753 3904 1024,
764 3842 841 3891 while
854 3841 944 3890 Cnut's
960 3842 1020 3889 visit
1035 3843 1080 3890 did
1099 3846 1141 3890 not

191 3914 222 3961 L.
234 3913 284 3961 and
296 3912 338 3961 the
346 3913 455 3960 editions
466 3911 531 3960 have
542 3911 550 3938 ‘
560 3892 668 4005 Rudoli
679 3912 739 3960 take
750 3913 823 3973 place
835 3912 875 3961 till
887 3915 960 3973 1026,
974 3925 1011 3972 or,
1022 3912 1141 3974 perhaps,

191 3981 513 4044 phus'and‘Rudolpho.'
546 3981 588 4029 He
600 3995 655 4028 was
680 3996 743 4030 even
770 3982 842 4032 later.
868 3982 933 4029 ⁴See
962 3982 1067 4030 Recueil
1096 3983 1141 4032 des

193 4051 292 4101 Rudols
314 4053 352 4102 II.
376 4053 439 4114 king
456 4052 485 4100 os
504 4051 655 4112 Burgundy.
681 4051 818 4111 fflstoires,
829 4057 887 4100 tom.
904 4067 930 4101 x.
942 4068 968 4113 p.
979 4055 1037 4100 434.
1073 4053 1143 4102 Will.

191 4124 244 4171 But
261 4123 323 4169 from
339 4137 356 4170 a
369 4123 443 4170 letter
454 4121 483 4169 of
495 4136 561 4182 pope
575 4121 655 4169 Bene·
666 4158 668 4182 ,
681 4122 784 4184 Godcll‚
795 4122 845 4170 and
857 4121 949 4171 Chron.
961 4117 1118 4172 Turonense.

191 4195 244 4242 dict
264 4193 343 4242 V111.
365 4193 385 4240 it
407 4206 515 4252 appears
533 4191 588 4240 that
606 4193 668 4261 ΒΗ
