2940 4860
390 402 582 451 rnonnuru
607 400 888 452 wrcoarunusrs.
1050 385 1116 451 219

168 560 362 624 castitatem
376 559 536 643 professi,
550 578 587 623 se
606 560 651 623 ab
661 559 808 624 invicem
827 566 1041 642 separantes,
1051 562 1116 624 sub

167 667 296 724 sanctae
315 660 587 726 conversationis
608 659 730 724 habitu
749 660 858 724 vitam
879 678 1115 725 consummare

167 760 370 841 gauderent.
432 760 590 839 Quorum
618 761 778 843 exemplo
811 760 886 843 ipse
916 760 1116 826 adolescens

168 861 345 938 incitatae,
369 868 481 924 matre
512 860 546 924 id
571 861 722 924 maxime
753 860 994 944 persuadente,
1018 877 1118 925 secu-

168 959 240 1024 lum
267 961 420 1043 reliquit,
438 967 543 1043 atqua
565 961 602 1024 in
618 961 739 1025 eodem
756 960 983 1044 Wigornensi
998 981 1117 1028 mona·

169 1062 287 1140 sterio,
316 1081 385 1145 quo
417 1068 557 1126 etanta
591 1069 691 1144 pater
722 1080 806 1124 suus
834 1062 912 1126 Deo
940 1062 1117 1142 servierat,

169 1161 408 1226 monachicum
439 1161 595 1225 habitum
626 1169 664 1226 et
693 1161 847 1226 ordinem
879 1181 902 1226 a
930 1163 1121 1227 venerabili

171 1262 372 1344 Brihteago,
395 1261 551 1347 ejusdem
575 1261 731 1326 ecclesiae
754 1261 929 1345 episcopo,
945 1263 1116 1346 suscepit;

172 1382 289 1445 aquo
316 1363 421 1426 etiam
447 1363 483 1426 in
508 1361 655 1445 gradum
682 1369 754 1427 tam
782 1361 986 1426 diaconatus
1014 1383 1118 1445 quam

171 1464 432 1546 presbyteratus
463 1462 641 1526 ordinatus
669 1470 743 1542 est;
767 1462 952 1545 statimque
977 1463 1014 1526 in
1042 1463 1119 1546 ipso

171 1564 270 1627 initio
285 1562 429 1627 arduam
446 1569 482 1626 et
498 1562 592 1627 omni
612 1562 840 1644 religiositate
854 1563 994 1644 plenam
1011 1563 1119 1626 vitam

173 1664 353 1746 arripiens,
378 1664 413 1726 in
435 1663 576 1744 vigiliiS,
595 1661 752 1747 jejuniis,
768 1662 992 1741 orationibus,
1011 1663 1119 1726 omni·

174 1783 242 1846 qua
264 1764 432 1828 virtutum
454 1782 593 1845 genere,
621 1763 737 1827 subito
760 1762 981 1826 admirandus
1006 1774 1120 1845 'appa-

174 1864 254 1928 ruit.
307 1863 414 1940 Hinc,
436 1864 480 1927 ob
504 1882 638 1926 morum
666 1862 894 1944 disciplinam,
915 1863 1026 1945 primo
1046 1882 1120 1927 ma·

174 1964 283 2046 gister
296 1971 331 2028 et
347 1970 464 2028 custos
481 1963 652 2027 infantum
667 1962 867 2044 aliquandiu
878 1962 1118 2040 constituitur;

174 2064 309 2139 deinde,
337 2066 381 2128 ob
407 2064 582 2127 solertiam
609 2063 834 2127 ecclesiastici
860 2061 973 2139 officii,
999 2070 1141 2127 cantor.

175 2164 277 2228 simul
293 2171 327 2228 et
348 2163 585 2227 thesaurarius
603 2162 757 2226 ecelesiae
773 2182 817 2226 ex
835 2169 1011 2246 praecepto
1028 2164 1117 2227 seni·

175 2285 274 2328 orum
289 2263 443 2329 efficitur.
498 2263 632 2329 Nactus
646 2281 729 2327 vero
744 2264 960 2327 occasionem
978 2263 1119 2327 liberius

177 2366 254 2428 Deo
276 2365 446 2429 serviendi
470 2383 516 2428 ex
538 2363 722 2427 commissa
743 2363 809 2427 sibi
831 2363 988 2427 custodia
1010 2363 1118 2427 eccle·

178 2466 250 2541 siae,
282 2472 393 2538 totum
424 2484 461 2529 se
494 2463 772 2546 contemplativae
811 2463 894 2528 vitae
926 2463 1033 2541 dedit,
1064 2463 1120 2529 die

176 2573 349 2647 noctuque
376 2565 412 2628 in
437 2583 479 2628 ea
505 2572 567 2628 aut
589 2563 738 2628 orationi
761 2571 823 2627 aut
840 2562 965 2628 divinae
982 2563 1121 2628 lectioni

177 2665 351 2743 insistens,
366 2664 462 2728 bidui
485 2664 657 2746 triduique
678 2663 815 2748 jejunio
837 2663 973 2728 assidue
996 2684 1122 2747 corpus

176 2784 374 2845 macerans;
400 2763 509 2829 sacris
537 2765 663 2847 vigiliis
688 2765 725 2828 in
750 2770 885 2828 tantum
911 2763 1059 2841 deditus,
1081 2773 1122 2828 ut

176 2885 245 2929 non
263 2865 365 2929 modo
384 2870 532 2942 noctem,
552 2865 612 2929 sed
635 2864 739 2929 etiam
761 2883 917 2948 persaepe
932 2864 1022 2929 diem
1045 2884 1123 2928 cum

175 2972 276 3030 nocte
292 2965 488 3047 aliquando,
505 2964 598 3047 quod
624 2984 645 3028 a
666 2966 765 3028 nobis
786 2966 846 3028 vix
868 2964 1075 3042 crederetur,
1092 2963 1123 3027 si

176 3086 244 3129 non
267 3066 311 3129 ab
331 3067 441 3148 ipsius
463 3084 523 3129 ore
545 3064 611 3128 hoc
637 3063 865 3142 audissemus,
882 3072 1034 3147 quatuor
1049 3064 1122 3128 dias

176 3186 254 3230 cum
270 3167 428 3232 noctibus
448 3166 581 3247 absque
605 3183 724 3229 somno
748 3165 957 3246 transigens,
973 3164 1044 3228 fere
1061 3183 1122 3228 ex·

175 3268 305 3331 siccato
325 3266 464 3330 cerebro
479 3265 669 3348 periculum
694 3265 895 3341 incurreret,
912 3264 978 3327 nisi
999 3283 1123 3346 sopore

176 3367 356 3450 praelibato
391 3373 525 3429 naturae
556 3364 756 3429 satisfacere
787 3371 989 3428 maturaret.
1050 3364 1121 3427 De·

177 3468 280 3549 nique
303 3473 338 3530 et
362 3485 439 3529 eum
462 3466 498 3528 vi
523 3472 657 3529 naturae
673 3465 822 3528 dormire
848 3463 1122 3547 compelleretur,

177 3587 245 3630 non
267 3566 358 3631 lecto
381 3572 443 3629 aut
465 3564 697 3629 leotosterniis
713 3566 866 3628 membra
893 3564 937 3629 ad
963 3584 1122 3647 soporem

177 3668 330 3744 fovebat,
355 3665 414 3729 sed
445 3684 549 3747 super
575 3664 716 3747 aliquod
747 3684 924 3729 scamnum
954 3664 1121 3741 ecclesiae,

176 3768 264 3831 libro
281 3767 400 3848 inquo
415 3766 537 3829 orabat
552 3764 626 3829 sive
638 3764 776 3846 legebat
790 3772 895 3847 caput
908 3771 1120 3842 sustentans,

176 3866 352 3949 paulisper
386 3884 424 3928 sa
453 3865 653 3929 reclinabat.
714 3864 801 3928 Post
831 3863 972 3947 aliquod
1004 3870 1120 3927 autam

176 3975 325 4049 tempus,
356 3965 519 4030 defuncto
554 3963 734 4046 Agalwino
768 3964 881 4046 priore
910 3965 1119 4041 monasterii,

175 4067 250 4149 ipse
265 4067 319 4129 vir
333 4065 540 4130 reverendus
557 4065 651 4147 prior
670 4073 704 4129 at
727 4071 826 4146 pater
843 4065 1121 4146 congregationis

176 4169 220 4231 ab
235 4165 389 4230 Aldredo
407 4166 735 4248 episcopoponitur;
754 4165 846 4246 quod
856 4164 1004 4230 officium
1022 4165 1123 4230 valde
