2940 4860
404 423 596 471 rnoarnrn
621 422 901 472 wreoanrrnsrs.
1088 408 1131 474 13

128 657 129 661 Ἰ
180 588 282 647 sexto
304 580 438 665 imperii
461 583 526 661 sui,
544 581 706 647 vicesimo
728 581 838 665 primo
861 600 953 646 anno
976 591 1128 667 acceptae

180 680 272 760 fidei,
290 683 345 747 die
367 682 528 748 vicesimo
545 688 670 766 quarto
692 682 818 746 mensis
838 682 1029 761 Februarii,
1048 703 1129 748 con-

181 784 313 847 scendit
324 785 421 866 regni
432 784 583 847 eoelestis
598 783 742 865 gaudia3
761 783 817 847 eui
828 782 1027 848 Eadbaldus
1037 784 1129 850 filius

181 903 264 946 suus
273 883 456 960 suecessit3
473 904 589 948 verum
598 883 697 947 fidem
704 882 834 948 Christi
842 904 911 947 non
923 884 1032 947 solum
1045 885 1129 949 reci·

181 1002 262 1066 pere
275 984 399 1061 noluit,
412 985 472 1049 sed
487 992 523 1050 et
539 985 649 1068 patris
661 1003 806 1048 uxorem
819 983 884 1048 sibi
901 984 937 1047 in
952 984 1129 1050 matrimo-

181 1084 275 1147 nium
288 1084 455 1151 sociavit.¹
494 1085 575 1150 Rex
587 1085 814 1149 Orientalium
825 1083 1018 1167 Anglorum
1035 1085 1128 1149 Red-
1140 1102 1243 1194 pdaltneor
1254 1105 1290 1145 ne

182 1185 270 1249 wald
282 1185 745 1263 AEthelfrithum,Deirorum
757 1185 1064 1268 Berniciorumque
1075 1206 1127 1250 re·
1140 1165 1261 1295 ggii?
1262 1166 1283 1195 '⁶

181 1304 271 1366 gem,
294 1286 475 1377 occiditsin
501 1285 591 1351 bello
607 1286 713 1370 juxta
739 1305 875 1350 amnem
901 1287 961 1369 qui
984 1296 1129 1353 vocatur
1187 1266 1248 1295 '¹¹⁰'

183 1384 285 1465 Idle,²
298 1388 354 1451 cui
366 1387 521 1464 Edwine,
527 1385 633 1470 juxta
644 1386 821 1451 oraculum
832 1387 924 1469 quod
935 1396 1128 1471 acceperat,

182 1487 359 1565 successit,
390 1494 426 1552 et
456 1493 587 1570 septem
621 1486 711 1552 filios
736 1487 950 1552 AEtbelfritbi
983 1489 1126 1573 expulit.

182 1585 339 1651 Saeberht
363 1608 425 1652 rex
442 1586 667 1653 Orientalium
683 1589 860 1667 Saxonum
884 1609 989 1675 regna
1009 1597 1128 1672 petens
1140 1603 1244 1692 ggrthor

1175 1653 1235 1693 berbt

182 1688 355 1770 perennia,
378 1697 448 1753 tres
471 1687 560 1753 filios
582 1708 676 1767 suos,
694 1690 753 1772 qui
776 1691 904 1772 pagani
919 1690 1127 1772 perdurave·
1140 1703 1224 1794 ἓξὲξ

1214 1782 1219 1807 l

180 1796 272 1865 rant,
286 1789 384 1872 regni
402 1790 602 1872 temporalis
617 1790 769 1854 haeredes
789 1790 947 1873 reliquit;
972 1791 1031 1872 qui
1046 1811 1128 1856 mox
1140 1804 1297 1845 memnonos

1140 1855 1174 1895 hls
1184 1866 1244 1902 rone,

181 1886 386 1954 idololatriae
414 1890 528 1972 palam
560 1891 688 1955 servire
716 1910 863 1973 coepere,
890 1898 925 1955 et
956 1890 1286 1996 Mellitum⁰¹gu¹'{ssfl,

182 1990 382 2072 episcopum
415 1990 606 2055 Lundoniae
639 1991 682 2055 de
714 2010 778 2055 suo
811 2010 919 2073 regno
952 1992 1128 2074 expulere.
1140 1966 1236 2097 Ξῑιέξξυε
1248 1967 1290 2047 ald

183 2088 265 2172 Ipse
281 2110 364 2157 vero
380 2091 539 2156 (lantiam
557 2091 663 2171 venit,
681 2097 728 2169 et,
745 2090 864 2156 habito
887 2091 1027 2157 consilio
1050 2113 1128 2157 curn
1217 2085 1223 2105 '

184 2188 369 2257 Laurentio
395 2190 664 2276 archiepiscopo,
690 2192 734 2256 ad
760 2203 876 2274 partes
900 2188 1026 2257 Galliae
1050 2210 1129 2258 eum

182 2290 205 2355 J
207 2300 287 2357 usto
303 2292 467 2358 Hrosensi
481 2294 643 2376 episcopo
657 2293 809 2358 secessit.
854 2292 922 2357 Sed
936 2313 1005 2358 non
1020 2295 1129 2360 multo

182 2397 336 2475 tempore
362 2413 472 2476 reges,
490 2394 550 2477 qui
572 2413 594 2458 a
615 2413 654 2458 se
673 2394 829 2459 veritatis
850 2413 1043 2476 praeconem
1065 2415 1128 2461 ex-

182 2494 311 2574 pulere,
351 2494 549 2559 daemonicis
587 2494 735 2559 cultibus
772 2494 912 2577 impune
956 2495 1126 2576 serviere;

182 2613 260 2659 nam
285 2595 415 2676 egressi
434 2602 555 2660 contra
571 2602 708 2677 gentem
725 2593 959 2661 Gewissorum
980 2597 1016 2660 in
1035 2617 1128 2679 proe·

181 2693 277 2772 lium,
307 2715 425 2760 omnes
454 2697 583 2778 pariter
613 2716 691 2760 cum
721 2716 785 2761 sua
812 2697 936 2762 militia
958 2717 1128 2764 corruere.

184 2795 272 2859 Cum
295 2810 386 2862 ‘vero
415 2804 450 2860 et
480 2796 686 2862 Laurentius
716 2797 888 2862 Mellitum
917 2797 940 2862 J
943 2804 1128 2881 ustumque

183 2904 274 2961 esset
288 2906 509 2981 sequuturos,
527 2899 603 2980 ipsa
618 2905 719 2963 nocte
737 2898 898 2980 apparuit
915 2899 946 2963 ei
968 2900 1127 2982 princeps

184 2993 431 3079 Apostolorum
466 2997 603 3076 Petrus,
635 2999 800 3081 illumque
835 2998 983 3081 flagellis
1014 3001 1129 3065 affecit
1220 2999 1223 3007 ’

184 3099 378 3163 artioribus.
432 3099 537 3163 Mane
560 3107 675 3163 autem
701 3099 804 3178 lacto,
829 3098 873 3163 ad
899 3120 1015 3182 regem
1038 3101 1129 3165 Ead-

182 3198 323 3289 baldum
347 3199 453 3277 venit,
479 3208 515 3265 et
536 3200 676 3283 quantis
704 3199 901 3265 verberibus
927 3208 1018 3266 esset
1039 3202 1129 3265 laee-

183 3307 281 3364 ratus
298 3300 458 3365 ostendit.
512 3299 615 3380 Quod
630 3307 669 3366 ut
686 3301 782 3378 vidit,
798 3300 944 3364 multum
959 3302 1130 3378 extimuit,

184 3419 319 3465 omnem
346 3400 516 3465 idolatriae
543 3401 674 3466 cultum
705 3401 1021 3478 anathematizavit,
1050 3421 1131 3467 con·

184 3502 326 3565 nubium
352 3522 420 3566 non
442 3501 633 3584 legitimum
659 3502 843 3580 abdicavit,
871 3502 973 3566 fidem
1003 3501 1132 3567 Christi

221 3783 229 3813 ¹
248 3789 284 3838 H.
298 3790 329 3840 E.
342 3802 371 3839 ιι.
383 3795 407 3841 5.
444 3791 503 3840 Sax.
515 3791 608 3853 Obron.
671 3790 807 3840 bamshire.
824 3789 1135 3852 Huntingdonandothers

220 3852 321 3928 ²Idle.]
341 3860 414 3909 Beda
432 3859 483 3926 (H.
504 3862 536 3911 E.
552 3873 583 3910 11.
606 3858 648 3925 12)
672 3863 781 3910 mention
793 3860 1033 3923 asayingtowbiclr
1041 3861 1062 3910 it
1071 3875 1134 3924 gave

186 3929 273 3991 places
294 3930 345 3980 this
367 3931 446 3980 battle
466 3932 492 3979 in
514 3935 579 3992 626,
606 3932 648 3980 tbe
672 3933 739 3982 riae:
769 3932 887 3980 “Amnis
910 3931 967 3981 Idle
993 3932 1135 3995 Anglorum

186 4000 247 4051 Sax.
259 4000 363 4063 Chren„
374 4001 525 4064 wendover,
540 4002 590 4049 aud
606 4001 648 4050 the
673 4000 927 4065 sanguiuesorduit.''
955 4002 1052 4053 Fortlre
1064 4003 1137 4052 ‘ora-

186 4070 273 4121 Flores
290 4071 471 4135 Historiarum,
488 4072 516 4119 in
533 4075 589 4120 617.
624 4071 650 4120 1t
673 4068 772 4121 culum’
790 4072 850 4122 bere
867 4072 971 4121 alluded
988 4078 1024 4136 to,
1039 4088 1082 4123 see
1094 4073 1136 4122 the

186 4156 242 4191 was
260 4142 350 4205 fought
366 4158 398 4191 on
416 4142 459 4191 the
477 4141 547 4190 bank
564 4143 593 4191 of
608 4141 650 4191 the
673 4144 794 4192 romantio
811 4143 903 4206 legend
923 4143 951 4191 oi
967 4145 1091 4194 Eadwine
1109 4145 1136 4191 in

187 4212 254 4275 ldle,
276 4228 337 4262 near
355 4211 469 4278 Retiord,
490 4214 516 4261 in
534 4212 651 4275 Notting-
674 4213 748 4263 Beda
758 4212 807 4280 (H.
818 4214 850 4264 E.
862 4227 891 4265 11.
904 4210 957 4278 12).
