2940 4860
390 408 582 456 unornnrn
611 408 892 457 wruoaurnusrs
1046 392 1111 458 167

164 562 378 630 wintoniam
392 566 610 649 properavit:
634 584 703 648 quo
718 585 796 629 cum
812 564 974 642 venmset,
990 565 1110 630 crude·
1123 585 1253 675 ppo-&wo

164 664 273 729 litatis
294 665 370 750 ejus
391 666 628 749 magnitudine
642 666 736 730 cives
752 664 1011 730 wintonienses
1032 685 1109 749 per·
1123 639 1272 727 mimiiolss

164 766 287 843 territi,
318 786 439 848 pacem
470 785 547 830 cum
580 785 622 830 cu
651 767 725 830 sine
753 784 849 831 mora
879 765 1044 842 feccrrmt,
1074 775 1110 832 et

163 864 299 929 obsides
314 886 401 949 quos
414 866 470 930 vel
481 859 566 949 quat
581 866 737 949 expetiit,
752 867 928 932 dederunt.
974 864 1110 945 Quibus

162 966 325 1049 acceptis,
345 986 465 1031 versus
485 966 701 1043 Lundouiam
717 967 825 1032 movit
846 967 1048 1044 exercitum,
1067 967 1109 1031 de

164 1084 232 1146 qno
246 1066 346 1129 multi
361 1067 395 1130 in
412 1067 574 1131 Tamensi
590 1067 696 1132 fluvio
710 1067 878 1131 submersi
893 1067 1108 1145 interierunt,

162 1166 244 1246 quia
272 1186 447 1248 nunquam
478 1175 618 1250 pontem
653 1186 764 1251 neque
795 1167 923 1233 vadum
954 1186 1108 1250 quaerere

161 1265 357 1331 voluerunt.
407 1266 564 1349 Cumque
579 1267 793 1343 Lundoniam
812 1267 974 1342 venisset,
991 1267 1108 1331 multis
1121 1287 1230 1336 aarum

161 1365 271 1429 modis
296 1366 390 1430 illam
418 1367 473 1432 vel
501 1367 580 1432 dulc
599 1387 739 1450 capere,
763 1367 821 1431 >vel
847 1369 1108 1449 vicxpugnare
1121 1338 1240 1435 Ἐφ’

162 1473 308 1530 cunatus
327 1474 401 1542 est;
426 1467 487 1532 sed
505 1485 568 1532 rex
590 1465 783 1550 Anglorum
802 1468 1008 1549 AEgelredus
1030 1487 1108 1531 cum
1120 1440 1258 1538 bibiti
1330 1467 1334 1473 ’

162 1566 305 1645 civibus
321 1573 356 1630 et
367 1567 546 1652 juvamine
561 1568 687 1632 Danici
699 1569 833 1632 comitis
845 1567 998 1632 ›Turkilli
1008 1586 1108 1651 saepe
1121 1539 1235 1580 ‘mm'

161 1668 352 1744 memorati,
380 1668 441 1750 qui
467 1688 584 1732 secum
609 1675 691 1732 tunc
718 1668 882 1751 temporis
901 1670 997 1732 intus
1021 1677 1108 1747 erat,

161 1785 277 1830 muros
292 1768 392 1831 urbis
401 1768 545 1832 viriliter
558 1768 719 1845 defendit,
731 1775 767 1832 et
779 1769 876 1832 illum
892 1768 1029 1850 abegit:
1047 1770 1107 1850 qui

161 1866 328 1948 repulsus,
340 1869 450 1949 primo
461 1867 771 1949 Walingafordam,
783 1868 861 1932 dein
879 1868 1029 1944 Bathan,
1045 1870 1107 1932 ub·

161 1967 218 2030 via
234 1986 381 2050 quaeque
402 1987 496 2032 more
517 1969 621 2033 solitu
638 1969 803 2051 rapiendo
824 1976 860 2032 et
881 1967 1107 2046 demoliendo,

161 2066 257 2144 adiit,
281 2067 398 2149 ibique
421 2068 609 2132 exercitum
633 2087 733 2133 suum
764 2067 999 2149 refrigerando
1024 2087 1106 2132 con·

160 2167 258 2234 sedit.
311 2167 411 2232 Tunc
432 2169 528 2233 venit
543 2169 587 2232 ad
608 2188 685 2232 eum
701 2168 936 2233 AEthelmarus
953 2169 1107 2232 Dumna·
1120 2190 1253 2232 saumana

161 2267 227 2329 niae
252 2285 378 2345 comes,
401 2279 538 2332 etcum
559 2287 601 2332 eu
625 2268 855 2334 occidentales
885 2269 1043 2345 ministri,
1073 2242 1270 2334 etliliili*

161 2385 246 2448 pace
261 2387 338 2430 cum
351 2368 411 2432 illo
426 2367 530 2445 facta,
541 2369 678 2433 obsides
692 2370 743 2432 illi
758 2369 937 2434 dederuut.
974 2367 1109 2448 Quibus
1120 2344 1225 2433 billi
1233 2343 1272 2382 ¹¹¹⁰

162 2468 320 2531 omnibus
340 2469 383 2533 ad
407 2469 496 2532 velle
517 2470 677 2551 peractis,
696 2469 741 2533 ad
762 2485 862 2534 suam
886 2469 1033 2533 classem
1054 2489 1108 2534 re·
1120 2445 1230 2535 {lilia-

162 2586 293 2644 vcrsuS,
319 2569 365 2632 ab
389 2569 482 2633 omni
506 2568 701 2650 Anglurum
727 2569 856 2653 populo
883 2589 956 2646 rex,
976 2569 1007 2632 si
1029 2543 1258 2652 juremm*

162 2674 266 2750 queat
286 2687 350 2731 rex
364 2669 493 2744 uocari,
508 2671 569 2752 qui
583 2670 655 2734 fere
673 2679 800 2734 cuncta
814 2670 993 2753 tyrannice
1008 2668 1110 2733 sacie-

160 2768 233 2844 -bat,
251 2774 286 2831 ct
305 2768 548 2851 appellabatur
569 2776 605 2834 et
623 2769 826 2834 habebatur.
879 2769 982 2834 Cives
1004 2770 1109 2833 etiam

163 2866 419 2933 Lundunienses
434 2868 569 2933 obsides
581 2870 633 2932 illi
646 2871 825 2948 miserunt,
842 2877 879 2934 et
895 2888 1017 2952 pacem
1031 2889 1110 2932 cum

161 2986 202 3030 eo
213 2967 383 3043 fecerunt3
403 2970 603 3034 metuebant
613 2971 702 3033 enim
716 2972 867 3035 furorem
877 2970 970 3034 illius
985 2970 1021 3032 in
1032 2976 1109 3033 tan-

163 3074 234 3130 turn
251 3088 356 3151 super
375 3088 412 3132 se
433 3069 669 3146 exardescere,
687 3076 728 3133 ut
745 3071 902 3135 omnibus
919 3070 992 3133 suis
1008 3070 1109 3133 rebus

162 3168 298 3244 ablatis,
324 3169 380 3233 vel
405 3169 525 3234 oculos
552 3169 690 3233 illerum
710 3169 796 3246 erui,
823 3169 879 3233 vel
906 3186 1028 3231 manus
1053 3169 1108 3232 vel

161 3267 265 3350 pedes
291 3267 496 3346 detruncari,
518 3269 667 3353 juberet.
729 3268 833 3349 Quod
864 3287 942 3331 cnm
966 3267 1109 3331 vidisset
1121 3294 1200 3334 cmm·
1208 3293 1251 3333 aaa

160 3387 222 3430 rex
244 3368 462 3450 AEgclredus,
484 3369 638 3450 reginam
663 3369 822 3432 Emmam
842 3367 1107 3432 Nortmanniam
1120 3346 1218 3434 liiii?

160 3467 205 3530 ad
220 3487 321 3531 sunm
338 3468 698 3545 fratrem,.Secundum
716 3468 906 3532 Ricardum
922 3466 957 3530 N
959 3474 1109 3531 ortman·
1121 3444 1252 3491 mm*

162 3586 283 3630 norum
312 3570 483 3647 comitam,
510 3576 545 3633 et
573 3569 662 3633 filios
686 3588 788 3644 suos,
819 3567 1050 3631 Eadwardum
1074 3575 1110 3632 et

162 3666 366 3745 AElfredum,
383 3689 461 3733 cum
482 3671 649 3750 magistro
669 3668 807 3732 illorum
825 3667 996 3730 AElfhuno
1015 3667 1109 3743 Lun-

162 3766 316 3832 douiensi
341 3769 514 3852 episcopo,
540 3778 577 3833 et
601 3767 739 3832 Alsium
766 3766 1109 3832 Medeshamstuden-

162 3886 234 3931 sem
264 3868 422 3933 abbatem
460 3870 597 3933 naviter
630 3869 736 3933 misit.
806 3867 888 3950 Ipse
920 3885 1002 3931 vero
1031 3885 1110 3930 cum

162 3966 296 4032 Danica
319 3968 442 4046 classe,
463 3988 541 4051 quae
565 3971 599 4031 in
620 3968 784 4032 Tamensi
803 3966 957 4051 jacebat,
977 3966 1014 4029 in
1032 3967 1109 4030 loco

162 4068 220 4148 qui
247 4067 429 4134 Greuewic
457 4068 665 4144 nominatur,
694 4067 943 4149 aliquantisper
971 4067 1111 4143 mansit,

163 4175 198 4229 et
222 4180 302 4249 post
322 4169 365 4233 ad
390 4169 538 4233 Vectem
564 4168 719 4232 Insulam
739 4168 915 4243 devectus,
939 4144 1261 4253 Nativita-²,fi{¹}{51¹;,f,2¹,¹
