2940 4860
373 381 439 448 138
740 397 950 447 caaourcorr

212 572 325 621 sudhem
375 554 625 620 wintoniensis
660 554 815 618 ecelesiae
855 553 1036 618 ordinatus
1061 561 1113 617 est
1151 552 1324 617 Brihthel-

214 622 349 670 B'mh‘lm'
375 674 462 727 mus,
474 653 660 718 Wellensia
674 654 857 735 episcopus
873 659 932 716 v¹²⁵.

231 772 343 813 nass.
427 753 596 818 AElfsinus
621 753 897 817 Doruhernensis
928 751 1218 833 archiepiscopus,
1243 749 1324 813 dum

212 838 363 938 §lffl‘fnm
378 853 527 916 Romam
554 871 616 935 pro
643 850 791 934 petendo
815 852 921 934 pallio
943 851 1111 928 tenderet,
1128 851 1164 913 in
1184 849 1324 931 Alpinis

213 939 318 1029 ss‘gffl
375 952 550 1018 montibus
567 951 648 1032 gelu
674 952 821 1032 niveque
842 951 1028 1015 obstrictus
1043 947 1193 1014 defecit.¹
1245 948 1325 1012 Rex

214 1039 312 1089 'W‘
376 1050 673 1115 wast-Saxonum
689 1049 928 1126 EadwiuS,1v.
945 1049 1044 1113 aunis
1061 1042 1160 1129 regni
1174 1048 1230 1112 sui
1246 1067 1325 1129 per-

377 1150 476 1226 actis,
491 1149 685 1226 defunctus,
704 1148 891 1212 Wintoniae
918 1149 954 1212 in
980 1146 1085 1213 Novo
1110 1146 1324 1211 Monasterio

376 1254 430 1313 est
443 1249 622 1331 sepultus3
645 1247 746 1331 cujus
769 1267 915 1329 regnum
937 1267 1022 1312 suus
1044 1265 1242 1328 germanus,
1259 1265 1323 1308 rex

213 1364 333 1409 maman
373 1347 610 1411 Mercensium
637 1347 831 1428 Eadgarus,
856 1349 901 1411 ab
928 1347 1022 1412 omni
1046 1344 1238 1426 Anglorum
1263 1363 1325 1426 po·

214 1420 334 1469 mm
377 1446 460 1529 pulo
472 1446 615 1522 electus,
627 1467 718 1511 anno
733 1446 848 1511 aetatis
861 1465 934 1511 suae
946 1450 1049 1522 va„
1060 1445 1232 1510 adventus
1241 1463 1324 1508 vero

377 1543 572 1627 Anglorum
596 1545 631 1608 in
652 1545 869 1609 Britanniam
890 1545 1165 1627 quingentesimo
1180 1544 1325 1618 decimo,

377 1644 616 1710 trecentesimo
644 1650 761 1707 autern
791 1645 1011 1724 sexagesimo
1045 1644 1147 1707 tertio
1182 1662 1226 1706 ex
1255 1661 1324 1723 quo

375 1750 518 1807 sanetus
533 1741 754 1824 Augustinus
776 1750 811 1806 et
833 1743 918 1807 socii
942 1741 1018 1826 ejus
1040 1741 1204 1823 Angliam
1222 1760 1325 1807 vene·

376 1849 469 1918 runt,
490 1844 653 1925 suscepit,
669 1842 850 1924 divisaque
871 1862 979 1924 regna
1001 1842 1037 1906 in
1058 1861 1164 1905 unum
1182 1840 1324 1922 copula-

216 1960 342 2009 ryrsasm
376 1941 439 2005 vit.
505 1941 752 2024 Byrhthelmus
790 1941 1103 2007 Sumorsetensium
1142 1940 1324 2023 episcopus

214 2012 278 2051 made
286 2013 334 2060 ahp.
343 2009 368 2049 oi

214 2062 364 2159 33331133
373 2039 423 2103 ad
450 2040 770 2122 archipraesulatum
788 2040 995 2106 Gantwariae
1018 2040 1110 2104 sedis
1140 2039 1325 2120 deligitur3

214 2160 364 2210 numereris
378 2138 439 2203 sed
471 2140 554 2223 quia
586 2140 630 2203 ad
661 2146 794 2203 tantam
826 2160 899 2204 rem
931 2140 1043 2204 minus
1073 2145 1148 2203 erat
1176 2140 1322 2203 idoneus

215 2211 322 2250 ΒΜ·
374 2236 506 2320 judicio
535 2237 713 2314 omnium,2
743 2239 788 2303 ad
823 2240 977 2303 relictam
1007 2258 1117 2320 nuper
1142 2238 1324 2302 ecclesiam

377 2347 478 2401 suam
488 2337 601 2402 rediit.
653 2337 788 2402 Dehinc
804 2339 927 2402 heatus
941 2337 1159 2414 Dunstanus,
1169 2336 1324 2402 Athelmi

376 2436 625 2519 archiepiscopi
640 2457 686 2500 ex
708 2437 814 2501 fratre
837 2456 958 2520 nepos,
980 2436 1183 2502 Glaestoniae
1205 2438 1325 2514 ahhas,

378 2541 457 2615 post
469 2535 707 2599 Hwiceiorum
719 2544 754 2601 et
766 2536 1060 2603 Lundoniensium
1074 2537 1267 2619 episcopus,
1280 2557 1323 2600 ex

377 2643 538 2716 respectu
577 2634 694 2699 divino
728 2643 764 2699 et
793 2637 988 2718 sapientum
1019 2636 1175 2713 consilio,
1205 2639 1324 2718 primae

378 2734 577 2815 metropolis
603 2733 798 2816 Anglorum
825 2737 954 2817 primas
982 2744 1017 2800 et
1045 2737 1244 2818 patriarcha
1272 2736 1324 2798 in-

378 2832 555 2897 stituitur:
579 2854 602 2898 a
627 2854 696 2917 quo
720 2841 755 2898 et
777 2836 911 2898 caeteris
929 2836 1142 2916 sapientibus
1163 2836 1238 2917 ipse
1260 2855 1324 2899 rex

376 2930 569 3012 Anglorum
589 2934 770 3014 Eadgarus
790 2934 950 3001 docenter
974 2934 1178 3012 instructus,
1194 2935 1324 3017 passim

375 3032 551 3114 improbos
576 3034 760 3115 oppressit,
782 3035 928 3098 rebelles
955 3035 1020 3098 suh
1038 3036 1237 3116 asperitatis
1252 3053 1324 3098 cor-

375 3133 527 3197 rectione
561 3133 751 3215 redarguit,
778 3133 895 3217 justos
922 3140 957 3198 et
984 3133 1159 3199 modestos
1190 3133 1325 3210 dilexit,

216 3250 352 3291 assason
374 3226 569 3298 destructas
587 3231 654 3298 Dei
675 3234 840 3298 ecclesias
864 3233 1044 3299 renovavit
1059 3240 1095 3297 et
1111 3234 1248 3309 ditavit,
1264 3235 1324 3296 ab·

214 3301 238 3338 oi
245 3301 348 3341 chureher
379 3331 387 3346 .

214 3351 350 3392 suumom-
371 3334 476 3415 Jectis
494 3353 538 3398 ex
562 3334 728 3398 coenobiis
749 3333 950 3397 clericorum
975 3334 1098 3409 neniis,
1120 3333 1164 3397 ad
1188 3333 1323 3397 laudem

214 3401 287 3441 terias.

413 3516 420 3546 ¹
441 3518 699 3582 Obstrietaadefecit]
716 3518 838 3567 Malmes-
864 3520 945 3569 sancti
958 3516 1083 3582 (Odonis)
1101 3519 1264 3581 sepulchrum
1275 3518 1328 3567 vio·

376 3591 442 3650 bury
451 3588 504 3654 (De
517 3589 592 3638 Pont.
603 3588 649 3638 lib.
660 3585 691 3652 1.)
703 3588 752 3637 and
763 3589 838 3637 Wen·
863 3589 944 3649 ierat,
963 3589 1018 3650 sed,
1037 3604 1083 3637 nec
1104 3590 1141 3638 sie
1160 3589 1247 3650 algore
1266 3589 1328 3637 defi·

376 3659 454 3707 dover
471 3657 501 3723 (ι,
511 3674 537 3720 p.
549 3654 610 3721 407)
623 3658 712 3707 inform
731 3671 772 3720 ua,
783 3658 838 3706 that
864 3661 947 3707 ciente
970 3658 1014 3708 sed
1038 3659 1124 3720 potius
1147 3659 1328 3720 invalescente,

376 3728 493 3791 AElfsige‚
502 3727 577 3776 when
588 3728 647 3777 “ad
662 3727 836 3788 recipiendum
864 3730 942 3777 vitam
961 3729 1112 3793 flagitiosam
1130 3732 1211 3776 morte
1232 3730 1326 3778 misera

376 3798 483 3858 pallium
502 3799 607 3846 Romam
623 3812 670 3859 per
679 3797 761 3860 Alpes
778 3812 837 3845 con·
863 3797 1033 3847 terminavit.”
1069 3797 1119 3847 For
1128 3798 1171 3846 the
1182 3802 1291 3846 account
1301 3797 1330 3846 oi

375 3869 504 3930 tendebat,
517 3868 554 3916 ihi
568 3867 648 3916 nivali
660 3866 753 3928 frigore
769 3867 837 3927 gela·
861 3867 905 3916 the
916 3867 1039 3917 violation
1050 3867 1080 3916 oi
1087 3867 1130 3916 dre
1142 3869 1221 3931 tomb,
1232 3883 1275 3917 aee
1283 3866 1325 3916 the

376 3941 427 3998 tus,
442 3937 507 3986 nihil
522 3937 594 3986 aliud
611 3936 717 3985 remedii
737 3937 836 3984 cornmi-
863 3951 932 3987 same
943 3936 1104 3986 authorities.

375 4007 440 4054 nisci
458 4008 541 4068 potuit
560 4021 637 4068 quam
656 4013 685 4056 ut
705 4009 836 4054 exentera-
897 4003 1023 4056 ²Judicio
1040 4006 1166 4070 omnium]
1193 4007 1290 4056 Jussus
1312 4021 1328 4054 a

374 4079 455 4123 torum
463 4091 583 4136 equorum
591 4076 837 4137 adhucspirautibus
862 4091 922 4137 rege
945 4076 1087 4126 cantuaria
1108 4075 1229 4143 discedit,
1250 4081 1328 4139 atque

374 4145 441 4192 extis
458 4147 616 4207 immergeret
636 4146 724 4208 pedes,
743 4146 837 4207 quibus
863 4146 896 4194 ad
907 4146 1031 4209 relictam,
1042 4152 1091 4196 etc.
1128 4146 1210 4196 Edita
