2940 4860
375 370 439 435 128
746 385 954 435 cunomeon

377 544 484 609 Venit
499 551 534 608 et
550 545 730 609 Danorum
754 545 927 608 exercitus
951 543 993 607 de
1015 539 1324 624 Grautebrycgeie,

376 651 412 708 et
424 645 522 708 illum
545 645 583 708 in
607 647 780 709 domiuum
795 652 830 709 et
847 651 1029 728 patronum
1047 641 1186 723 delegit,
1203 648 1238 704 et
1260 639 1324 702 hoc

374 743 593 827 juramentis
611 753 650 810 ut
664 746 737 828 ipse
752 744 874 822 voluit,
890 741 1090 809 roboravit.1

230 879 345 920 gunt,
429 845 623 927 AEgeltleda
664 845 872 908 Merciorum
907 844 1046 907 domina
1082 843 1118 905 in
1154 839 1323 923 principio

215 947 322 986 ¹¹⁹¹02⁸t⁰¹
378 947 470 1022 anni,
487 965 566 1009 eum
588 945 719 1009 auxilio
744 945 822 1021 Dei,
839 943 1163 1026 Leogereceastram
1184 939 1326 1022 pacifice

215 996 327 1085 lllmllll
379 1046 573 1128 acquisivit,
596 1052 631 1109 et
654 1045 843 1109 exercitum
867 1045 1057 1118 Danorum,
1085 1043 1144 1124 qui
1166 1041 1210 1104 ad
1232 1040 1326 1103 illam

214 1096 344 1137 AEthemaed'
378 1145 583 1227 pertinebat,
608 1146 713 1209 ferme
744 1151 853 1211 totum
879 1145 914 1207 iu
939 1143 1146 1208 deditionem
1170 1141 1326 1222 accepit3

378 1245 434 1308 cui
449 1247 552 1310 etiam
569 1246 663 1310 Daui
677 1245 737 1327 qui
753 1245 918 1308 Eboracae
933 1243 1176 1326 praesidebant,
1187 1240 1327 1324 quidam

378 1352 480 1426 pacto
510 1345 648 1428 quidam
670 1345 879 1429 juramento,
903 1345 1125 1407 firmaverunt
1152 1361 1189 1405 se
1218 1340 1326 1423 ipsius

379 1444 551 1510 voluntati
584 1453 618 1508 et
646 1444 789 1509 consilio
821 1445 857 1513 in
888 1444 1045 1509 omnibus
1075 1439 1328 1506 consensuros.⁹

216 1571 341 1611 rutnans
381 1543 462 1608 Rex
476 1545 721 1609 invictissimus
750 1543 963 1611 Eadwardus
993 1543 1126 1620 Senior,
1150 1549 1229 1624 post
1253 1541 1327 1604 Ro-

216 1621 355 1712 }ldh'illl‘l
381 1645 540 1726 gationes
571 1645 629 1726 [31
661 1644 777 1726 Maii],
809 1665 887 1709 cum
926 1644 1081 1708 exercitu
1107 1641 1328 1706 Staufordam

218 1722 341 1763 ΜΝ·
380 1745 555 1827 profectus
570 1752 633 1822 est,
651 1746 852 1826 firmamque
875 1745 909 1807 iu
935 1742 1080 1808 australi
1095 1742 1200 1826 plaga
1216 1743 1327 1805 amnis

380 1844 528 1917 Welund
546 1865 660 1909 arcem
675 1844 833 1922 munivit,
852 1852 887 1910 et
912 1864 981 1909 non
1004 1844 1115 1908 solum
1131 1843 1252 1907 Dauos
1270 1843 1329 1924 qui

380 1946 415 2008 in
454 1946 711 2028 septentrionali
744 1945 850 2028 plaga
885 1942 1039 2028 ejusdem
1069 1942 1179 2007 amnis
1216 1962 1329 2006 arcem

382 2047 556 2123 tenebant,
572 2045 631 2109 sed
649 2054 683 2111 et
701 2065 819 2110 omnes
846 2047 904 2127 qui
927 2045 971 2109 ad
991 2044 1086 2108 illam
1102 2042 1329 2126 pertinebant,

219 2174 323 2214 nestun
382 2146 419 2208 in
434 2146 639 2210 deditionem
658 2146 802 2227 accepit.
855 2146 948 2210 Dum
964 2144 1038 2208 haec
1056 2151 1218 2225 aguntur,
1233 2161 1329 2207 soror

220 2224 350 2265 mmmm·
382 2245 475 2310 iliius
514 2246 718 2328 AEgelfleda,
754 2245 963 2310 Marciorum
1000 2245 1150 2321 domina,
1185 2243 1331 2325 insignis

383 2347 574 2428 prudentiae
589 2353 624 2410 et
642 2346 789 2431 justitiae
805 2345 1011 2427 virtutisque
1026 2345 1162 2409 eximiae
1178 2342 1331 2421 foemina,

383 2454 508 2510 octavo
545 2465 635 2509 anuo
666 2467 711 2510 ex
741 2465 810 2528 quo
841 2445 916 2509 sola
945 2465 1091 2527 regnum
1123 2444 1331 2508 Marciorum

384 2552 524 2609 strenuo
537 2544 705 2629 justoque
722 2547 812 2608 rexit
829 2545 1073 2623 moderamine,
1093 2561 1175 2608 xlx.
1191 2543 1331 2608 kalend.

385 2644 408 2709 J
411 2643 486 2708 ulii³
505 2645 602 2721 obiit,
621 2652 656 2709 et
681 2646 818 2709 unicam
842 2644 947 2707 filiam
974 2664 1072 2708 suam
1098 2641 1332 2727 AElswynnam

385 2764 430 2811 cx
465 2744 654 2809 AEtheredo
691 2744 877 2826 subregulo
916 2751 1125 2828 susceptam,
1164 2744 1333 2809 haeredem

385 2846 483 2926 regni
497 2846 653 2926 reliquit3
671 2845 771 2929 cujus
782 2863 907 2926 corpus
920 2842 1159 2910 Glawornam⁴
1172 2843 1334 2922 delatum,

385 2945 418 3006 in
432 2944 577 3008 ecclesia
590 2944 710 3008 Sancti
722 2944 818 3009 Petri
834 2952 887 3008 est
902 2944 1088 3009 honorifice
1106 2940 1337 3010 tumulatum.⁵

384 3042 488 3122 Quod
521 3052 561 3109 ut
593 3046 665 3125 regi
695 3045 895 3110 nunciatum
937 3054 1002 3123 est,
1032 3044 1335 3126 Tomwurthigene

421 3244 427 3272 ¹
445 3247 506 3295 Sax.
531 3246 626 3298 Chron.
648 3261 673 3297 a.
692 3252 751 3298 921.
792 3248 846 3297 De-
907 3245 1047 3298 ³x1x.tat.
1055 3248 1143 3312 dulit]
1161 3248 1263 3298 Twelve
1272 3249 1336 3310 days

384 3317 471 3366 iuncto
491 3317 625 3366 Werstauo
657 3318 849 3367 Seireburneusi
872 3319 957 3367 before
967 3319 1143 3369 Midsummer.
1170 3319 1230 3368 Sex.
1243 3318 1336 3369 Chrou.

383 3389 513 3448 episcopo,
525 3388 648 3436 suecessit
660 3389 847 3438 AEthelbaldus.
908 3387 921 3415 ⁴¹
937 3389 1111 3452 Gammae]
1129 3388 1287 3440 Gloucester.

384 3458 450 3507 Add.
469 3458 520 3506 aliu
537 3473 618 3508 amau.
656 3459 680 3506 lt
697 3459 720 3508 is
734 3459 848 3521 obvious,
908 3456 1111 3522 ⁵Tumulutum.]
1141 3459 1336 3509 Thedatehere

385 3541 414 3576 as
429 3527 488 3576 well
505 3529 568 3576 from
585 3527 628 3576 dre
643 3529 807 3590 discrepance
824 3529 852 3577 of
874 3531 949 3592 given
960 3531 999 3578 for
1009 3529 1051 3578 the
1068 3530 1144 3578 death
1156 3529 1185 3578 os
1193 3529 1336 3580 AEurelflaed

384 3597 457 3646 dates
470 3611 499 3646 as
517 3598 580 3646 from
597 3598 639 3648 the
656 3613 723 3648 more
741 3601 849 3647 circum·
874 3601 896 3649 is
917 3601 1054 3649 consistent
1076 3600 1142 3660 with
1164 3599 1220 3649 that
1244 3599 1273 3649 os
1291 3600 1337 3649 her

384 3667 487 3716 stantial
513 3668 639 3718 narrative
667 3669 696 3718 oi
720 3669 849 3730 bleranae,
873 3669 943 3731 eight
965 3669 1048 3732 years’
1070 3671 1126 3718 rule
1148 3684 1208 3718 over
1230 3669 1337 3730 Marcia,

384 3736 439 3786 that
449 3737 481 3785 he
496 3743 573 3798 must,
583 3739 609 3786 iu
626 3738 677 3787 this
694 3744 751 3799 part
765 3739 794 3786 of
806 3739 848 3788 the
874 3739 938 3788 after
949 3740 990 3794 tbe
998 3740 1074 3790 death
1081 3739 1110 3788 of
1118 3739 1247 3802 AEthered,
1253 3739 1338 3789 which

384 3808 490 3870 history,
507 3808 571 3856 have
592 3807 642 3855 had
662 3809 746 3857 before
763 3808 815 3856 him
833 3824 850 3857 a
874 3808 1008 3870 happened
1020 3811 1046 3858 iu
1057 3813 1115 3859 912.
1132 3809 1339 3868 'l'heChroniele‚

385 3877 444 3927 MS.
466 3878 495 3926 of
518 3877 560 3926 the
587 3877 720 3926 Chrouiele
743 3879 849 3941 varying
873 3879 969 3941 though
980 3881 1110 3941 assigning
1126 3879 1167 3928 the
1180 3894 1249 3930 same
1260 3880 1337 3929 dura-

384 3948 560 4009 cousiderably
576 3946 640 3996 from
660 3962 710 4009 any
728 3963 785 3997 now
804 3963 848 3997 ex·
873 3949 1190 4013 tiontohergoverument,
1200 3950 1340 4012 placesher

384 4022 447 4068 taut.
874 4018 950 4067 death
961 4019 987 4067 iu
1004 4023 1062 4082 918,
1073 4021 1123 4068 and
1139 4022 1216 4083 again
1232 4021 1258 4068 in
1275 4024 1340 4080 9223

874 4093 917 4149 yet
928 4090 1029 4139 reeords
1044 4090 1087 4138 the
1098 4091 1240 4152 deposition
1251 4089 1281 4139 of
1293 4090 1339 4142 her

420 4155 430 4194 ²
444 4157 506 4206 Sax.
516 4153 609 4204 chron.
623 4171 647 4205 a.
660 4160 717 4206 919.
860 4194 862 4212 2
874 4158 998 4220 daughter
1009 4161 1035 4208 iu
1046 4163 1102 4210 919.
