2940 4860
378 396 570 444 rnonnurn
597 396 875 446 wrconurnusrs.
1039 384 1104 449 223

151 564 299 639 poterat,
316 557 370 621 die
390 556 588 623 festivitatis
608 558 721 622 sancti
742 557 989 622 Bartholomaei
1007 558 1103 642 Apo·

151 657 231 722 stoli
263 658 323 740 [24
354 656 476 740 Aug.],
505 658 588 722 illuc
621 658 726 735 venit,
760 664 795 720 et
827 659 1004 740 operarios
1033 659 1104 724 sere

151 765 305 842 cunctos,
333 778 411 822 cum
434 759 583 841 illisqui
607 759 656 822 eis
682 765 865 840 praeerant,
887 759 1044 841 peremit,
1070 768 1106 824 et

151 859 267 943 omnia
297 859 399 936 bona,
428 878 506 941 quae
533 859 581 922 ibi
611 866 821 940 congregata
847 857 994 935 fuerant,
1026 861 1103 924 abs-

151 957 256 1022 tulit.¹
309 959 400 1023 Dein
425 967 506 1042 post
529 958 755 1024 festivitatem
784 958 895 1023 sancti
920 958 1105 1025 Michaelis

152 1054 376 1140 Archangeli,
407 1076 441 1123 v.
474 1078 584 1123 nonas
618 1058 779 1123 Octobris
811 1059 849 1142 [3
880 1059 990 1141 Oct.],
1020 1061 1265 1125 feriarnmnaaon

152 1159 315 1235 secunda,
332 1159 368 1222 N
370 1159 670 1243 ortbbymbrenses
686 1161 845 1236 ministri,
862 1157 1106 1239 Gamelbearn,
1118 1129 1236 1219 ‘lilius

152 1259 358 1323 Dunstanus
394 1259 483 1323 lilius
515 1258 754 1337 Athelnethes,
788 1258 979 1325 Glonieorn
1014 1229 1269 1325 filiusbm‘hm

154 1358 349 1437 Heardulli,
381 1379 459 1424 cum
492 1377 544 1424 cc.
576 1360 742 1424 militibus
776 1361 971 1424 Eboracum
1003 1381 1107 1426 vene-

153 1467 246 1536 runt,
262 1468 296 1525 et
315 1480 378 1542 pro
400 1460 597 1525 execranda
610 1480 694 1524 nece
710 1461 876 1524 nobilium
895 1459 1107 1545 Nortbbym·

152 1560 327 1624 brensium
353 1561 587 1624 ministrorum
618 1559 829 1642 Gospatrici,
861 1580 966 1643 quem
987 1563 1109 1643 regina

155 1660 317 1742 Edgitha,
333 1660 487 1744 germani
503 1662 556 1724 sui
576 1661 687 1725 Tostii
704 1680 822 1738 causa,
837 1661 873 1724 in
893 1662 989 1725 curia
1003 1664 1108 1744 regis,

153 1759 223 1826 ivit
253 1769 354 1826 nocte
375 1761 566 1826 Dominicae
591 1760 798 1826 Natiuitatis
820 1760 880 1844 [28
902 1762 1020 1843 Dec.],
1048 1783 1109 1845 per

154 1862 295 1926 insidias
322 1862 432 1926 occidi
451 1861 578 1945 jussit;
612 1869 648 1925 et
674 1860 829 1925 Gamelis
853 1861 915 1925 filii
943 1862 1039 1940 Orm,
1066 1882 1107 1927 ac
1153 1920 1157 1926 .

156 1962 227 2026 Ulfi
245 1961 307 2025 filii
324 1962 467 2040 Dolfini,
483 1981 583 2046 quos,
601 1981 693 2026 anno
716 1961 925 2044 praecedenti
948 1962 1108 2039 Eboraci,

154 2063 191 2126 in
214 2082 352 2127 camera
380 2082 456 2140 sua,
485 2065 550 2126 sub
580 2062 676 2145 pacis
699 2061 839 2139 foedere,
867 2081 929 2144 per
951 2063 1107 2140 insidias,

155 2182 271 2227 comes
293 2162 436 2227 Tostius
467 2163 623 2227 occidere
655 2164 841 2246 praecepit3
879 2183 1012 2228 necnon
1044 2183 1107 2246 pro

155 2262 386 2328 immensitate
412 2265 532 2329 tributi
553 2263 646 2346 quod
671 2264 714 2328 de
736 2271 813 2328 tota
835 2263 1109 2348 Northbymbria

156 2363 282 2447 injuste
298 2371 491 2447 acceperat,
509 2364 629 2428 eodem
645 2363 699 2427 die
714 2365 873 2447 primitus
888 2364 981 2428 illius
997 2366 1109 2429 Dani-

156 2484 216 2528 cos
245 2464 424 2530 huscarlas
453 2464 650 2529 Amundum
677 2472 712 2529 et
739 2464 1040 2529 Reaveusvartum
1066 2464 1110 2530 de

156 2565 241 2647 fuga
262 2571 444 2642 retractos,
467 2574 568 2630 extra
590 2565 742 2630 civitatis
765 2584 893 2643 muros,
914 2585 955 2630 ac
977 2566 1033 2629 die
1055 2584 1108 2630 se·

157 2666 276 2748 quenti
295 2667 481 2750 plusquam
499 2683 554 2731 cc.
572 2666 666 2730 viros
686 2686 731 2730 ex
747 2665 935 2730 curialibus
951 2665 1056 2741 illius,
1073 2667 1109 2729 in

156 2767 287 2832 boreali
301 2773 400 2849 parte
413 2767 580 2831 Humbrae
592 2767 752 2846 fluminis,
766 2772 1003 2850 peremerunt;
1022 2785 1109 2830 aera·

157 2868 246 2930 rium
267 2887 405 2950 quoque
432 2868 542 2950 ipsius
566 2866 755 2950 fregerunt,
779 2887 820 2931 ac
847 2867 1005 2932 omuibus
1031 2887 1110 2949 qnae

156 2967 249 3031 illius
264 2967 402 3032 fuerant
418 2969 556 3043 ablatio,
569 2974 795 3034 recesserunt.
842 2966 971 3032 Omnes
987 2967 1109 3032 dehinc
1122 2985 1252 3077 ih⁰ti⁰¹⁹⁰¹

157 3067 228 3132 fere
242 3069 426 3132 comitatus
440 3069 533 3132 illius
545 3068 583 3130 in
598 3087 705 3132 unum
720 3069 934 3150 congregati,
951 3068 1110 3133 Haroldo
1141 3047 1164 3077 ⁰⁸
1182 3047 1202 3086 ⁸'

157 3168 457 3233 west-Saxonum
490 3167 581 3245 duci,
613 3175 648 3232 et
678 3167 756 3232 aliis
784 3185 872 3249 quos
900 3187 964 3232 rex
996 3167 1109 3232 Tostii

157 3276 284 3352 rogatu
302 3288 365 3352 pro
381 3288 466 3352 pace
483 3267 748 3352 redintegranda
766 3267 810 3332 ad
829 3286 888 3333 eos
906 3268 1059 3345 miserat,
1074 3268 1109 3331 in

159 3369 430 3435 Nortbamtonia
460 3375 702 3448 occurrerunt;
736 3369 795 3432 ubi
827 3368 935 3451 prius,
964 3375 1000 3432 et
1029 3375 1110 3450 post

158 3471 250 3554 apud
280 3470 529 3548 Oxnesordam,
557 3470 612 3534 die
636 3467 837 3534 festivitatis
860 3466 1110 3550 Apostolorum

158 3571 307 3635 Simonis
323 3579 359 3636 et
373 3571 396 3635 J
400 3572 476 3636 udae
495 3571 554 3652 [28
574 3570 684 3650 Oct.],
700 3569 783 3634 dum
802 3567 982 3632 Haroldus
997 3576 1033 3633 et
1049 3569 1110 3634 alii

158 3672 381 3755 quamplures
398 3673 556 3737 comitem
579 3670 737 3735 Tostium
759 3689 838 3733 cum
862 3668 911 3732 eis
927 3668 1110 3751 pacificare

157 3772 299 3850 vellent,
314 3791 431 3837 omnes
453 3771 608 3836 unanimi
630 3789 799 3835 consensu
816 3770 1110 3847 contradixerunt,

158 3892 199 3937 ac
216 3892 387 3937 eumcum
403 3872 574 3949 omnibns,
587 3873 647 3955 qui
660 3873 771 3955 legem
787 3872 941 3955 iniquam
957 3878 1111 3935 statuere

157 3973 256 4038 illum
273 3974 512 4052 incitaverant,
532 3974 802 4056 exlegaverunt:
826 3981 861 4039 et
879 3979 960 4055 post
979 3971 1113 4037 festivi·

542 4183 549 4213 ¹
567 4187 628 4236 Sax.
640 4185 733 4236 chron.
